3009 5067
336 260 403 349 122
482 273 519 335 tt
535 273 567 334 T.
583 272 766 336 CICERONIS
785 272 937 337 aristot
958 273 1007 335 AD
1029 272 1061 345 Ο.
1080 272 1250 335 FRATREM

334 453 496 539 arbitror,
518 452 619 521 etiam
636 450 804 519 Memmio.
845 449 990 517 Domitio
1011 449 1077 537 ipsi
1096 450 1202 521 multa
1221 453 1289 519 ism
1308 451 1397 543 ieci,

335 576 420 640 quae
438 560 544 629 voluit
563 576 714 646 quaeque
734 577 756 625 a
777 575 831 627 me
857 557 988 644 petivit.
1040 556 1205 625 Scaurum
1233 558 1396 629 beneficio

335 665 543 737 defensionis
564 665 667 735 valde
687 662 850 753 obligavi.
900 662 1022 731 Adbuc
1047 670 1123 732 erat
1151 663 1252 733 valde
1278 667 1395 734 incer-

334 777 422 858 tom,
452 778 489 840 et
516 772 649 861 quaudo
675 772 809 840 comitia
830 770 941 856 etqui
961 771 1121 839 eonsules
1142 771 1245 841 futuri
1265 779 1394 843 essent.

240 868 294 937 17·
335 878 445 962 Quum
472 879 653 949 banaiam
683 876 862 966 epistolam
889 878 1140 967 complimrem,
1175 879 1344 949 tabellarii
1373 899 1396 949 a

332 985 432 1055 vobis
451 991 619 1055 variarunt
639 1003 672 1055 a.
687 970 798 1052 d.'Xl.
813 981 892 1048 Kal.
907 981 980 1051 Oct.
1002 982 1254 1067 vicesimossdie.¹
1293 983 1322 1053 0
1342 1005 1396 1054 me

332 1087 532 1161 sollicitant
565 1095 723 1180 quantum
744 1109 813 1180 ego
835 1090 926 1165 uolui
946 1092 979 1159 in
1002 1087 1161 1159 Caesaris
1182 1091 1394 1159 suavissimis
1491 1100 1492 1105 ’

331 1189 462 1265 literisl
505 1194 579 1265 Sed
599 1215 664 1283 quo
687 1200 786 1265 erant
803 1198 998 1286 suaviores,
1019 1214 1060 1265 eo
1074 1198 1231 1264 maiorem
1247 1197 1394 1266 dolorem

331 1301 423 1370 illius
452 1302 511 1372 ille
539 1321 641 1373 casus
662 1304 835 1372 afferebat.
888 1302 963 1377 Sed
983 1302 1028 1372 sd
1048 1308 1124 1371 tuas
1145 1305 1244 1375 venio
1264 1304 1394 1372 literas.

331 1409 476 1483 Primum
503 1413 595 1477 tuam
621 1413 867 1483 remansionem
894 1408 996 1475 etlam
1024 1415 1124 1496 atque
1146 1409 1248 1477 etiam
1267 1409 1395 1496 probo,

331 1514 531 1602 praesertim
551 1536 669 1604 quum,
689 1522 727 1584 ut
746 1517 888 1602 scribis,
909 1533 983 1585 eum
997 1512 1149 1585 Caesare
1167 1516 1393 1589 communica-

330 1619 391 1688 ris.
441 1618 583 1708 oppium
602 1624 703 1691 miror
729 1621 907 1711 quidquam
934 1640 1009 1689 eum
1028 1620 1168 1691 Publio:
1199 1621 1279 1689 mibi
1306 1621 1393 1689 enim

330 1837 466 1899 Maurus,
483 1836 627 1892 candidato
643 1839 784 1893 consulari
800 1838 927 1911 plebei03
946 1840 983 1894 ita
1000 1839 1065 1892 nibil
1080 1838 1226 1907 obstabat,
1242 1842 1310 1913 quiu
1325 1840 1391 1897 buie

332 1912 360 1956 et
376 1901 510 1957 Messalae
527 1903 627 1958 Cicero
642 1904 826 1971 satisfaceret,
849 1922 935 1977 quum
955 1916 1072 1976 uterque
1089 1904 1168 1958 simul
1185 1905 1282 1959 consul
1300 1906 1393 1959 creari

318 1977 435 2041 'posset
449 1999 483 2011 -
516 1970 566 2025 Cn.
584 1972 701 2050 Domitio
718 1971 847 2039 Calvino,
872 1972 921 2044 qui
938 1983 967 2026 et
984 1972 1042 2042 ipae
1058 1973 1210 2026 consularis
1229 1969 1391 2049 condictatus

331 2045 392 2088 erat
406 2044 509 2093 etcum
526 2038 564 2090 M.
579 2036 694 2091 Valerio
708 2037 827 2091 Messala
842 2036 1042 2119 consultamus
1057 2049 1107 2093 est.
1125 2069 1156 2080 —
1190 2038 1391 2093 Maenalium

329 2102 480 2163 Scaurum,
506 2118 537 2155 re
559 2103 724 2157 standarum
741 2120 822 2157 reum
842 2102 962 2158 defendit
984 2105 1082 2157 Cicero
1102 2101 1177 2174 apud
1202 2106 1240 2159 M
1257 2104 1391 2158 Catonem

329 2175 505 2290 estse
530 2122 772 2293 irruam
793 2172 830 2290 t·
851 2186 936 2288 we
956 2168 992 2222 ³⁶
1014 2170 1133 2290 'sse
1151 2169 1391 2293 'istosne

370 2274 376 2286 ·
424 2271 433 2299 9
466 2272 472 2286 ·
505 2277 512 2291 ο
593 2274 601 2293 s
774 2273 782 2292 s
816 2279 822 2293 ι
859 2255 891 2290 ul
930 2274 937 2288 ·
953 2267 987 2281 ‘¹'
1100 2257 1108 2290 8
1132 2275 1143 2299 p
1183 2255 1200 2293 u

349 2314 363 2349 a
385 2310 422 2353 tta
442 2316 498 2357 nou
518 2312 602 2373 sunta
632 2303 752 2359 Messala
775 2313 803 2360 et
868 2301 958 2357 mitius
982 2303 1157 2358 consulatum
1179 2319 1211 2356 ox
1233 2302 1336 2359 interne
1354 2318 1390 2355 no

329 2249 393 2419 t·
437 2239 464 2419 ἶ
822 2253 857 2356 ¹³¹¹
912 2238 928 2315 ⁴
1160 2253 1180 2308 ‘¹
1337 2320 1354 2374 r

327 2383 457 2422 rotun.
1419 2397 1422 2400 ·

395 2464 422 2526 s.
443 2477 484 2527 ¹7·
516 2459 706 2528 complicaretur.
740 2461 826 2515 Notat
844 2459 994 2531 Bentivogl.
1018 2461 1053 2512 ad
1069 2461 1096 2516 h.
1110 2459 1130 2514 l.
1141 2476 1240 2514 errare
1255 2476 1317 2523 eos,
1341 2460 1391 2532 qui

328 2521 482 2590 affirmant,
507 2535 633 2578 veterum
652 2527 783 2598 epistolas
801 2527 885 2580 luisse
900 2527 927 2580 in
947 2534 1064 2581 teretem
1081 2527 1198 2581 formam
1213 2527 1390 2594 convolutss3

326 2588 442 2643 obstare
460 2593 512 2644 tim
531 2590 608 2644 verbi
625 2593 801 2661 complicare,
830 2610 888 2665 quo
907 2593 949 2646 bic
969 2604 998 2647 ct
1019 2593 1047 2645 in
1069 2609 1113 2664 ep.
1141 2591 1176 2645 ad
1191 2597 1247 2648 Att.
1264 2611 1311 2662 ru,
1330 2609 1388 2659 r,s

328 2655 431 2723 utitur,
444 2667 641 2728 repertamque
655 2657 682 2710 in
698 2658 812 2730 antiquo
826 2658 977 2731 sepulchro
990 2658 1192 2726 membranam,
1206 2676 1278 2732 quae
1294 2676 1309 2712 a
1323 2674 1392 2731 qua·

328 2728 395 2774 tuor
414 2722 546 2777 cornibus
563 2739 652 2796 usque
674 2723 709 2777 ad
729 2724 888 2778 umbilicum
903 2725 989 2778 semel
1005 2736 1095 2797 atque
1106 2727 1208 2779 iterum
1228 2726 1391 2797 complicata

328 2796 389 2840 erat
406 2787 491 2843 instar
504 2789 569 2842 libri
582 2788 719 2861 quadrati.
756 2795 793 2844 At
807 2790 878 2844 enim
894 2790 945 2847 hoe
962 2807 1018 2843 uon
1034 2809 1145 2864 semper
1162 2791 1311 2845 obtinuisse
1332 2804 1391 2844 sas·

219 2882 221 2885 ·
349 2867 421 2924 eque
442 2856 572 2928 epistolas
589 2871 649 2910 esse
675 2856 703 2909 in
725 2855 824 2909 orbern
843 2856 997 2922 involutas,
1021 2859 1114 2910 relax
1132 2856 1211 2908 huius
1230 2872 1274 2927 ep.
1296 2854 1390 2908 verbis

326 2868 410 3045 {sq
430 2923 555 2974 r'atsrtore
576 2922 688 2992 epr'stuln
710 2922 826 2995 probari
846 2933 946 2994 potest.
968 2955 1001 2967 -
1041 2941 1067 2976 a.
1083 2923 1107 2974 d.
1121 2924 1164 2973 XI.
1182 2921 1243 2978 Kal.
1255 2922 1314 2974 Oct.
1333 2928 1390 2986 (aa.

351 2985 499 3107 eptembr.)
534 2990 576 3041 lta
590 2987 785 3060 corrigendum
802 3005 860 3042 csse
877 2986 942 3042 vidit
958 2990 1063 3041 Manat.
1081 2986 1257 3058 correxitque
1274 2986 1388 3042 Schitte.

327 3053 658 3175 tttsttfubltft
671 3058 940 3190 fotffttfbttf
954 3069 1027 3188 ἐῗὲἶ
1045 3052 1390 3199 it¹²ti¹i¹rio⁸i¹³i¹¹iii

327 3187 388 3240 Kal.
404 3189 463 3239 Oct.
478 3191 525 3252 (au
539 3185 576 3239 Se
597 3193 638 3255 t).
656 3219 689 3230 -
729 3191 848 3239 acrama
890 3188 913 3237 is
937 3193 1001 3256 post
1014 3185 1119 3239 abitum
1136 3201 1152 3237 a
1167 3184 1289 3261 Quinto,
1311 3202 1388 3239 curus

327 3252 443 3325 epistola
462 3251 544 3326 igitur
566 3203 628 3307 ‹iirta
651 3262 711 3307 erat
728 3251 754 3307 d
773 3269 797 3305 a.
808 3270 848 3305 ru.
858 3251 936 3323 Sept.
953 3283 987 3295 -
1027 3253 1071 3304 soe
1088 3269 1174 3306 aaran
1207 3252 1387 3323 Naufragium

326 3318 478 3373 multarunt
494 3317 603 3372 navium
620 3319 745 3393 intelligit
769 3321 877 3374 Manat.
910 3317 954 3372 Cf.
973 3320 1052 3374 Caes.
1067 3321 1098 3372 B.
1112 3319 1146 3372 G.
1161 3319 1191 3384 4,
1209 3335 1241 3391 aq
1251 3337 1260 3388 3
1285 3317 1388 3372 rectius

326 3386 496 3438 recentiores
511 3383 599 3457 intpp.
615 3395 732 3441 mortem
754 3385 839 3439 luliae
856 3384 944 3447 filiae,
961 3384 1083 3458 coniugis
1100 3384 1231 3455 Pompeii,
1266 3388 1300 3438 V.
1317 3383 1388 3436 eninr

327 3450 430 3512 lomes,
457 3465 530 3521 quae
555 3461 675 3505 extrema
697 3450 814 3523 epistola
837 3451 871 3503 de
893 3452 1013 3505 Caesare
1033 3450 1150 3524 legitur,
1180 3449 1227 3504 ubi
1244 3451 1304 3525 ipse
1328 3451 1386 3502 Ma·

326 3516 420 3570 nutius
435 3514 511 3570 dicit:
537 3517 597 3571 seb
612 3516 751 3572 interitum
768 3518 859 3584 filiae,
875 3519 924 3589 qul
939 3517 1055 3587 proprie
1072 3518 1159 3568 luctus
1172 3526 1250 3581 est«,
1275 3515 1309 3567 de
1334 3513 1388 3566 iac-

326 3591 391 3635 tura
405 3584 529 3650 navium,
554 3583 719 3656 praesertim
731 3583 759 3637 in
772 3584 907 3649 Caesare,
931 3599 986 3635 non
1001 3581 1081 3634 facile
1096 3580 1148 3635 dici
1161 3592 1266 3654 potest,
1289 3588 1386 3633 ronna

327 3644 361 3700 de
381 3664 447 3701 suae
465 3649 473 3700 i
495 3649 550 3704 sius
567 3650 639 3703 tiliae
654 3647 733 3702 obitu
748 3647 847 3703 Cicero
864 3648 976 3719 scripsit
993 3645 1028 3699 sil
1045 3647 1196 3720 Sulpicium
1216 3647 1268 3715 (ad
1283 3645 1340 3699 div.
1352 3650 1387 3712 4,

321 3713 358 3780 b,
378 3719 423 3831 ¹i²
447 3666 579 3771 »Mellem
599 3713 627 3769 iu
648 3712 810 3786 gravissimo
828 3733 890 3771 cusa
910 3714 1082 3793 affuissent...
1104 3713 1147 3768 Cf.
1163 3712 1233 3767 iufra
1251 3730 1295 3784 ep.
1312 3711 1344 3778 8,
1361 3712 1386 3766 3.

324 3782 395 3839 eta
417 3780 486 3835 elien
498 3780 559 3845 1.,0.
575 3803 600 3854 p.
616 3798 670 3853 ¹77·
693 3812 725 3823 -
764 3783 971 3842 remansionem,
989 3781 1130 3837 conabum
1148 3777 1222 3848 apud
1237 3779 1387 3834 Caesarem

325 3844 491 3901 muraneudi.
507 3878 540 3893 -
579 3850 646 3918 opp.
666 3848 751 3899 miror
771 3849 857 3919 quietq,
875 3865 935 3900 cum
951 3847 1043 3898 Publio
1069 3863 1107 3899 sc.
1127 3843 1227 3915 negotii
1250 3843 1387 3898 babuisse.

325 3912 381 3967 Res
395 3928 513 3983 prorsus
528 3914 635 3985 ignota3
650 3912 686 3967 es.
702 3922 794 3967 tamen
807 3929 891 3984 sopra
907 3910 931 3980 §.
945 3932 984 3968 ιι.
1015 3912 1105 3967 Publio
1122 3908 1206 3964 edidit
1219 3910 1308 3965 0rell.
1323 3927 1386 3962 cum

326 3976 413 4039 codd,
423 3977 518 4050 sdittq.
534 3989 614 4045 vett,
632 3989 663 4033 ut
676 3978 846 4049 intelligatur
860 3979 989 4047 Clodius,
996 3994 1060 4101 ¹pro
1076 3976 1148 4050 vulg.
1162 3978 1292 4039 Pobbbb,
1308 3974 1385 4047 quod

325 4045 443 4117 interpp.
461 4053 576 4100 tuentur
592 4060 637 4113 cp.
652 4042 686 4097 ad
705 4047 763 4099 att.
782 4060 872 4111 ra,7,
890 4064 912 4099 1.
955 4044 994 4100 Se
1036 4043 1064 4097 iu
1086 4060 1118 4098 re
1141 4061 1259 4115 prorsus
1280 4044 1384 4105 incerta

326 4120 468 4182 praestare
486 4107 565 4181 sequi
578 4107 667 4163 codd.
682 4109 744 4165 turc
759 4119 852 4167 monet
863 4109 952 4169 Orell.

580 4298 585 4327 l
