3009 5067
317 277 365 347 36
452 281 487 340 ll.
509 280 539 340 T.
562 277 744 342 CICERONIS
765 279 917 341 ariston.
939 280 988 342 AD
1010 282 1041 353 0.
1062 281 1229 346 saltumn

316 463 394 552 quid
415 480 499 549 opus
516 462 582 528 fuit
602 460 766 532 eiusnodi
785 460 911 550 literis,
932 478 1016 547 quas
1035 463 1205 552 adipsum
1222 458 1372 535 misisti?

316 568 432 634 nillum
452 584 584 646 crucem
605 567 668 636 sibi
689 566 798 653 ipsum
819 569 1044 656 constituere,
1075 588 1119 635 ex
1146 590 1212 657 quo
1237 578 1274 638 tu
1295 592 1370 638 eum

315 681 394 742 ante
415 674 645 742 detraxisses:
666 676 701 740 te
722 675 929 763 curaturum,
948 674 1039 741 fumo
1059 679 1097 742 ut
1113 678 1370 762 combureretur,

314 781 495 869 plaudente
517 785 590 846 tota
615 780 824 867 provincia«
874 779 961 862 Quid
989 800 1072 849 vero
1089 781 1144 848 ,ad
1171 782 1210 851 C.
1231 784 1371 849 Fabium

314 889 429 955 nescio
445 876 629 974 quemi-
649 904 725 952 nam
744 903 820 952 eam
840 906 973 973 quoque
994 890 1172 975 epistolam
1194 890 1233 956 Τ.
1251 889 1369 957 Catie-

313 1013 377 1059 nus
399 994 640 1083 circumgestat
657 1014 720 1057 -ε
743 993 953 1059 „renuntiari
970 992 1030 1057 tibi
1049 992 1213 1064 Licinium
1230 996 1367 1082 plagia·

314 1100 399 1166 rium·
418 1119 491 1170 oum
511 1118 574 1165 suo
595 1098 685 1185 pullo
707 1099 844 1166 milvino
865 1098 990 1164 tributa
1011 1100 1188 1185 exigere«
1237 1100 1370 1168 Deinde

313 1222 419 1293 rogos
437 1203 588 1290 l'ooinm,
612 1208 666 1267 „ut
686 1208 721 1270 et
741 1210 870 1290 patrem
891 1205 1046 1271 etlilium
1066 1206 1163 1271 vivos
1184 1205 1369 1295 comburat,

313 1314 344 1379 si
364 1312 494 1399 possit:
526 1312 580 1378 sin
601 1312 729 1399 minue,
749 1311 796 1377 ad
815 1318 849 1379 te
868 1313 995 1400 mittat,
1016 1311 1065 1378 uti
1083 1309 1204 1377 iudicio
1227 1312 1369 1378 combu-

313 1423 466 1498 rantur.a
515 1417 591 1483 Hae
617 1418 738 1484 literae
767 1419 828 1484 abs
854 1424 889 1484 te
910 1436 971 1505 per
991 1420 1099 1484 iocum
1118 1419 1243 1484 missae
1263 1417 1306 1484 ad
1328 1417 1368 1484 C.

313 1524 471 1611 Fabium,
501 1522 650 1590 simodo
672 1527 750 1590 suut
771 1528 869 1612 tuae,
900 1545 998 1612 quum
1018 1525 1198 1614 leguntur,
1218 1523 1366 1590 invidio-

241 1635 274 1701 7.
315 1648 387 1696 sum
416 1630 626 1696 atrocitatem
656 1630 833 1697 verborum
865 1631 999 1697 habent
1054 1633 1131 1720 Ac,
1165 1632 1196 1697 si
1226 1631 1370 1698 omniurn

283 1756 460 1806 mearum
490 1740 674 1823 praecepto
700 1736 872 1803 literarum
898 1743 1057 1827 repetes,
1087 1738 1262 1825 intelliges
1290 1754 1371 1805 esse

313 1843 396 1914 nihil
416 1862 438 1909 a
457 1849 513 1911 me'
531 1844 598 1908 nisi
618 1844 780 1908 orationis
797 1843 1013 1910 acerbitatem
1033 1849 1069 1911 et
1089 1844 1293 1912 iracundiam
1316 1846 1371 1932 et,

314 1951 345 2016 si
364 1950 472 2038 forte,
497 1967 574 2015 raro
595 1948 765 2015 literarum
786 1950 962 2015 missurum
982 1950 1227 2039 indiligentiam
1247 1968 1369 2037 repre-

314 2055 464 2122 hensam.
508 2054 634 2137 Quibus
655 2054 787 2141 quidem
806 2055 842 2120 in
862 2055 963 2122 rebus
985 2058 1016 2122 si
1036 2058 1125 2144 opud
1142 2065 1177 2125 te
1193 2059 1270 2146 plus
1286 2079 1369 2126 euc-

313 2164 435 2231 toritas
461 2180 556 2249 mea,
585 2180 684 2249 quam
711 2166 770 2227 tua
797 2161 871 2228 sive
891 2170 1013 2229 natura
1033 2165 1145 2250 paullo
1166 2166 1276 2232 acrior
1295 2166 1369 2231 sive

315 2270 478 2358 quaedam
500 2268 641 2336 dulcedo
661 2267 855 2336 iracundiae
876 2271 951 2337 sive
972 2268 1106 2337 dicendi
1130 2271 1183 2337 sol
1204 2272 1370 2337 facetiae-

315 2397 379 2466 que
399 2377 585 2459 voluisset,
614 2375 696 2441 nihil
718 2394 804 2441 sane
826 2380 937 2461 esset,
965 2375 1053 2463 quod
1080 2395 1144 2440 nos
1172 2378 1370 2462 poeniteret.

314 2485 361 2555 lut
381 2482 540 2550 mediocri
561 2499 612 2546 me
636 2481 750 2547 dolore
770 2486 871 2568 putas
892 2481 997 2569 uilici,
1018 2500 1116 2566 quum
1134 2480 1282 2568 audiam,
1305 2500 1370 2568 qua

315 2590 361 2655 sit
381 2586 628 2655 existimatione
648 2583 843 2676 Vergilius,
865 2606 931 2673 qua
951 2590 1027 2652 tuus
1047 2586 1179 2652 vicinus
1200 2584 1239 2654 C.
1262 2585 1368 2656 octa-

315 2763 352 2814 ud
363 2764 376 2813 r'
389 2779 447 2814 sum
460 2761 555 2816 lilium.
567 2796 601 2807 -
623 2762 705 2831 sumo
719 2774 750 2815 nt
764 2763 836 2817 comi
853 2800 863 2824 ,
879 2762 896 2816 i.
908 2779 933 2815 e.
952 2773 981 2816 ut
995 2760 1028 2814 ad
1044 2760 1162 2832 stipitem
1178 2762 1276 2833 ligatus
1290 2762 1368 2815 sumo

315 2846 349 2881 sx
368 2780 484 2882 dunila
499 2828 577 2901 liguis
594 2829 669 2883 facto
689 2840 848 2883 necaretur.
882 2829 926 2882 ef.
947 2827 1084 2899 Lamprid.
1099 2827 1230 2890 Alexand.
1247 2830 1310 2881 Ser.
1326 2829 1369 2881 36.

315 2894 425 2965 Lipsius
439 2893 472 2948 de
489 2896 580 2949 Gruce
594 2896 620 2962 3,
636 2913 675 2949 ιο.
687 2929 720 2941 -
753 2896 824 2959 Quali
834 2912 909 2954 varo,
927 2911 965 2947 so.
980 2911 1051 2965 opus
1063 2893 1115 2945 suit
1128 2892 1259 2945 eiusmodi
1273 2894 1370 2958 literis,

315 2977 386 3034 quas
400 2962 440 3012 ad.
452 2963 480 3016 0.
494 2962 603 3014 Fadium
618 2961 734 3016 misisti?
748 2993 782 3005 -
813 2962 994 3030 plagiarium,
1006 2960 1054 3031 qui
1068 2960 1155 3011 sciens
1169 2959 1289 3011 homiues
1301 2958 1369 3011 libe·

315 3043 363 3081 ros
379 3038 427 3081 aut
444 3043 540 3081 servos
559 3029 662 3081 alienus
678 3028 773 3081 dolose
791 3028 914 3092 allectat,
931 3027 997 3080 emit
1011 3023 1168 3095 venditque.
1191 3025 1369 3105 V5Pundect3

315 3093 793 3231 {intonointroitione:
807 3095 852 3235 Ἓξ
866 3089 1371 3234 'innietltieflulrteenol:

315 3225 414 3280 comite
431 3226 460 3280 in
479 3226 597 3295 rupinis,
623 3228 700 3280 ouius
717 3237 798 3297 pater
817 3221 915 3276 milvus
935 3240 953 3275 r.
973 3240 996 3277 e.
1020 3223 1213 3296 rapacissimae
1232 3234 1281 3277 cst.
1325 3223 1367 3276 ef.

315 3292 404 3346 Plaut.
418 3293 503 3345 Poen.
516 3296 546 3358 5.
560 3294 591 3356 5,
610 3292 655 3345 13:
673 3305 761 3343 metuo
777 3291 877 3343 milvos.
906 3289 1010 3348 Pseud.
1021 3292 1052 3357 ὃ,
1067 3308 1098 3356 a,
1111 3292 1161 3344 isa
1177 3308 1276 3360 coquus
1291 3290 1370 3340 milvi·

315 3361 356 3409 m‘s
373 3358 513 3425 unguibus.
526 3390 558 3400 -
592 3359 693 3409 arrium
707 3361 828 3425 erigere,
845 3371 917 3424 quae
928 3357 1007 3427 quasi
1020 3358 1146 3410 dominus
1160 3356 1311 3429 imperaret
1326 3371 1369 3406 ex-

315 3423 513 3494 primeretque.
528 3455 560 3466 -
595 3424 739 3475 iudicio:
762 3440 794 3476 rc
810 3424 943 3489 iudicata,
959 3423 1090 3477 sententia
1108 3423 1169 3475 lata.
1188 3453 1222 3465 -
1255 3421 1371 3472 simodo

314 3500 378 3540 sunt
393 3502 472 3550 auae,
489 3488 541 3543 hoc
554 3487 645 3555 addit,
661 3490 725 3570 quin
738 3489 857 3564 Quintus
871 3489 1009 3542 interdum
1022 3486 1231 3542 scribendarum
1245 3485 1370 3555 epistola·

316 3569 378 3605 rum
395 3555 501 3625 copiam
513 3555 739 3689 popiralanebat
754 3555 925 3625 anulumque
946 3554 981 3607 ad
1004 3569 1049 3607 aas
1074 3552 1254 3627 obsignandas
1275 3548 1370 3618 dabat3

316 3634 398 3689 cep.
417 3630 538 3676 antece.
574 3641 635 3682 .1.

382 3718 406 3789 §¹
423 3730 446 3780 7.
479 3730 544 3765 raro
558 3712 604 3767 iun
624 3710 724 3767 endum
739 3730 802 3766 oum
815 3712 1004 3781 reprehensum.
1019 3742 1050 3754 -
1076 3714 1215 3765 literarum
1227 3712 1369 3762 mossarum

314 3775 523 3843 indr‘lrgenm'um,
541 3779 556 3832 i.
569 3796 590 3833 e.
608 3790 743 3844 incautum
758 3779 851 3831 literas
865 3777 1002 3831 scribendi
1017 3778 1158 3833 rationem.
1171 3810 1202 3821 -
1235 3777 1370 3845 reprehen-

315 3859 382 3893 sam.
417 3839 609 3912 Expectavoria
623 3848 825 3915 reprehensum
842 3854 870 3897 et
886 3845 952 3895 m'tit
966 3848 1019 3896 ntor
1030 3844 1101 3898 idem
1117 3853 1157 3896 est
1173 3842 1249 3913 quod
1265 3845 1373 3894 nonnmr'

317 3921 338 3964 s.
357 3917 468 3961 tantum.
482 3939 513 3951 -
547 3912 681 3965 onlur'met.
707 3912 747 3964 Ita
764 3910 874 3966 Schiita.
890 3927 923 3963 ex
935 3911 1090 3965 coniectura
1104 3911 1212 3962 Ernest.
1227 3925 1280 3979 pro
1296 3910 1368 3979 vulg.

316 3974 477 4040 valuissem,-
503 3974 604 4044 pendet
618 3976 688 4028 enim
709 3978 725 4028 h
753 3994 777 4027 v.
796 3991 829 4028 er
846 3979 995 4029 auctoritas
1009 3995 1073 4030 mea.
1092 4007 1124 4018 -
1157 3993 1236 4045 qaam
1252 3975 1366 4027 audmm.

317 4040 383 4092 Ern.
405 4055 478 4109 susp.
502 4059 524 4109 q.
542 4042 627 4090 audio.
649 4074 682 4084 -
718 4039 860 4106 Vergilius.
896 4044 979 4116 Vuig.
1001 4041 1137 4108 Wrgilr'us.
1171 4042 1199 4099 G,
1219 4040 1369 4108 Vergilius,

317 4105 491 4177 propinquus
508 4104 651 4172 Curionis,
674 4105 769 4183 Quinti
782 4105 921 4162 Ciceronis
935 4109 964 4162 in
979 4116 1110 4180 praetura
1126 4106 1248 4179 collega,
1264 4115 1292 4159 et
1308 4114 1367 4158 tum
