3009 5067
501 330 784 419 mmmm
1078 269 1170 395 'm

114 510 237 598 primus
256 510 433 579 mundavit.
474 509 582 576 Aiunt
600 508 769 594 nonnulli,
790 510 870 576 item
890 509 1096 600 Sallustius,
1115 527 1171 576 me
1210 500 1245 570 9.

82 666 85 669 -
115 616 305 703 oportuisse
321 632 505 682 accusare.
554 614 604 680 lis
624 632 693 702 ega
713 613 878 680 iudicibus
899 606 1168 683 committerem?

4 716 6 733 ¹
117 722 205 807 Quid
226 741 360 810 essem,
391 722 423 788 si
441 739 504 788 me
524 723 653 809 agente
682 724 778 786 esset
798 710 966 807 elapsus?
1018 717 1090 787 Sed
1116 738 1171 788 me

4 802 6 853 t
113 830 182 898 alia
209 832 395 896 moverunt.
444 827 524 894 Non
548 831 703 915 putasset
728 826 794 892 sibi
813 826 990 915 Pompeius
1017 824 1061 893 de
1079 826 1169 894 illins

113 932 331 1023 salutm—sed
351 932 394 1000 de
414 950 477 1001 sua
497 933 663 1022 dignitate
678 940 806 999 mecum
826 948 907 997 esse
927 937 1115 999 certamem
1134 932 1170 997 in

113 1041 230 1108 urbem
249 1040 443 1107 introissett
464 1039 508 1107 ad
527 1039 715 1108 inimicitias
734 1057 792 1105 res
809 1038 984 1106 venisset:
1006 1057 1081 1105 eum
1095 1039 1170 1105 Ae·

115 1149 253 1215 semino
274 1146 426 1216 Samnite
446 1145 669 1214 Pacideianus
689 1149 901 1232 comparatus
920 1143 1077 1233 viderer3
1106 1163 1170 1211 an-

114 1254 253 1323 ricnlam
272 1253 419 1322 fortasse
439 1253 607 1322 mordicus
627 1251 843 1342 abstulisset3
865 1271 939 1319 curn
953 1252 1072 1320 Clodio
1095 1253 1171 1340 qui-

116 1362 192 1432 dem
211 1367 304 1441 certe
324 1361 484 1429 rediisset
502 1361 538 1428 in
556 1362 714 1448 grafium
755 1361 835 1448 ligo
854 1376 937 1426 vero
958 1377 1065 1426 meum
1083 1377 1170 1426 con·

4 1508 5 1511 π
115 1470 244 1560 silium,
265 1469 295 1537 si
315 1468 513 1557 praesertim
531 1471 569 1534 tu
589 1486 657 1534 non
669 1465 854 1554 improbas,
874 1465 1092 1533 vehementer
1105 1485 1169 1553 ap-

114 1574 231 1664 probo.
278 1576 362 1661 Ille,
383 1595 481 1662 quum
501 1593 523 1641 a
541 1593 594 1641 me
616 1571 846 1662 singularibus
867 1572 951 1646 meis
970 1569 1091 1637 studiis
1112 1590 1170 1658 orf-

114 1685 218 1750 natus
238 1664 535 1772 esset,‘unnmque
555 1700 625 1770 ego
644 1679 694 1745 illi
713 1677 796 1744 nihil
816 1676 994 1766 deberem,
1014 1676 1073 1745 ille
1092 1676 1172 1744 milri

4 1780 5 1785 ’
116 1787 246 1877 omnia,
265 1792 378 1857 tamen
397 1788 433 1855 in
452 1805 491 1854 re
510 1786 643 1874 publica
661 1805 715 1854 me
736 1804 759 1852 a
774 1804 814 1853 so
832 1783 1087 1852 dissentientem
1101 1803 1171 1852 non

8 2020 10 2023 ·
115 1993 165 2113 2¹ss
182 2009 246 2046 cum
259 1993 376 2065 imperio
393 1991 482 2064 (mad
498 1991 553 2052 div.
569 2013 597 2062 r,
614 2013 647 2067 9,
660 2011 697 2066 93
713 2010 801 2066 supra
814 1994 849 2048 ud
863 1994 882 2049 l.
895 2011 919 2048 a.
936 2008 980 2065 ep.
996 2010 1007 2046 ι
1026 2002 1110 2062 extr.;
1127 2009 1172 2065 ep.

115 2062 141 2111 ⁶.
158 2056 182 2125 i.
194 2059 233 2124 8.)
247 2056 308 2112 ideo
330 2077 365 2112 ue
379 2070 457 2113 extra
470 2059 570 2114 urbem
584 2070 651 2114 erat.
685 2060 820 2130 Sequitur
835 2059 907 2113 enim
919 2058 1023 2114 statim:
1039 2062 1067 2111 in
1082 2060 1172 2112 arbem

115 2125 259 2177 introeat.
292 2129 317 2177 Δ
355 2123 455 2177 urbem
470 2141 534 2177 eum
549 2125 577 2178 in
595 2125 758 2179 suburbano
776 2123 866 2179 iudicii
882 2123 982 2179 exitum
1001 2135 1172 2197 exspectasse

116 2199 213 2243 narrat
227 2187 282 2242 Dio
293 2190 312 2242 1.
325 2190 358 2260 39
374 2200 443 2243 extr.
457 2222 492 2235 -
524 2192 675 2254 remcavit,
690 2207 750 2262 qno
765 2191 882 2263 gratiam
897 2190 933 2244 ab
949 2206 983 2245 ee
997 2191 1089 2247 iniret,

118 2343 145 2399 d·
185 2283 213 2347 S.
230 2296 253 2332 a.
286 2279 338 2400 tgna.
355 2280 518 2400 Salsstaffas,
540 2280 682 2401 theronis
697 2280 824 2336 libertae.
856 2283 892 2337 V.
911 2279 947 2335 (le
968 2280 1020 2338 div.
1037 2282 1122 2364 1,.18.
1136 2280 1173 2336 ad

4 2480 5 2483 Ν
117 2347 374 2484 attollamur
388 2353 1200 2486 :adalinae‘titulantes,cantitata·

116 2497 197 2532 esrem
213 2503 246 2528 =
263 2494 347 2549 quana
362 2487 516 2534 contemtus
530 2494 626 2535 essem.
640 2511 673 2537 -,-
706 2491 816 2549 agente,
833 2490 986 2536 accusante.
1003 2511 1036 2524 -
1068 2479 1109 2532 ela

4 2586 6 2589 .
117 2571 150 2596 =
167 2543 318 2605 absolutus.
353 2545 389 2601 V.
407 2546 491 2601 Verr.
515 2563 542 2612 ι,
559 2560 597 2601 aa.
612 2545 653 2612 84.
679 2561 711 2613 a,
730 2545 772 2602 58.
816 2562 849 2599 ro
867 2544 942 2601 Sext.
956 2545 998 2613 64.
1015 2578 1050 2591 -
1082 2497 1173 2607 Plinii:

118 2609 235 2668 Gabinii.
252 2643 284 2690 -5
326 2611 356 2664 dc
370 2628 420 2662 suu
437 2611 584 2690 dignatate,
604 2611 682 2683 quasi
698 2627 749 2685 ego
765 2563 863 2666 veiiern
879 2611 1014 2683 experiri,
1030 2622 1094 2665 uter
1109 2612 1173 2691 plus

117 2678 242 2744 valeret,
271 2693 330 2749 epse
349 2674 384 2728 ad
406 2675 605 2731 absolutionem
647 2693 699 2751 ego
722 2678 756 2729 ad
780 2677 1032 2732 condemnationem
1054 2677 1171 2732 Gabina.

117 2745 222 2798 Manat.
236 2771 266 2784 ·-
300 2744 443 2796 retromeat.
462 2744 498 2799 V.
512 2747 538 2813 §.
555 2762 575 2798 ι.
627 2744 710 2817 ulgo:
726 2747 860 2796 intrasset.
875 2777 906 2787 -·
941 2763 1000 2797 eam
1012 2749 1071 2796 Aes.
1085 2745 1173 2795 Sama.

117 2809 227 2871 Paer'd„
244 2808 347 2883 insigne
365 2814 417 2879 par
429 2806 626 2880 gladiatorum,
642 2826 763 2882 quorum
778 2809 822 2862 hie
837 2820 928 2864 tamen
943 2810 1032 2863 minor
1045 2809 1103 2862 illo.
1130 2809 1172 2861 Cf.

118 2874 153 2929 de
169 2885 225 2947 opt
242 2891 301 2947 geu.
318 2884 400 2928 oratt.
416 2878 448 2942 6,
474 2873 522 2928 ubi
543 2875 641 2930 Lucilii
663 2875 790 2930 versibus
811 2877 973 2930 Aeschinem
994 2893 1056 2928 eum
1073 2878 1173 2929 Aeser·

5 2956 6 2961 ¹
117 2941 198 3009 nino,
213 2941 426 2995 Demosthenem
442 2958 504 2994 eum
518 2940 681 2995 Pacideiano
695 2958 756 2995 eona
779 2951 846 2995 arat
880 2941 952 2995 Coll.
967 2942 1117 3009 Tusculi,
1132 2956 1172 2995 aa.

118 3009 195 3067 lior,
203 3017 253 3063 sat.
264 3023 294 3075 e,
307 3025 339 3074 7,
353 3025 393 3079 97.
427 3007 526 3061 Lucilii
541 3025 638 3062 versus
652 3008 726 3081 apud
769 3007 861 3061 ouium
876 3013 909 3075 4,
920 3007 962 3064 ia.
981 3006 1007 3060 hi
1020 3015 1099 3061 sunt:

315 3119 348 3130 -
363 3088 532 3142 Aeserninus
547 3088 632 3145 flacco
646 3090 699 3145 fuit
714 3106 765 3143 ore

249 3149 372 3219 Samnis,
388 3169 506 3220 spurcas
523 3156 620 3224 homo,
639 3156 692 3209 vita
707 3156 755 3209 illa
771 3153 868 3228 dignus
883 3154 1018 3226 locoque,

249 3217 319 3270 Cum
337 3218 497 3272 Pacideiano
513 3237 573 3274 eom
594 3223 702 3290 unitur,
722 3220 838 3294 optimu'
852 3220 933 3293 longe

250 3284 317 3337 Post
334 3283 454 3339 homines
471 3293 551 3339 natos
566 3243 701 3359 giadiator
717 3288 767 3359 qui
782 3287 835 3342 fuit
850 3302 931 3341 unus.

118 3366 176 3418 Pro
191 3363 361 3419 Pacideianus
383 3364 451 3422 Era.
471 3375 499 3420 ct
517 3366 626 3424 Sehfita.
645 3368 748 3422 habeut
768 3369 931 3423 Pacideianus.
949 3398 980 3409 -
1013 3361 1171 3440 uenantum·

117 3428 225 3486 alludit
246 3428 281 3483 ud
298 3428 325 3484 id
343 3430 418 3503 quod
435 3431 557 3486 Lucilius
572 3431 689 3488 fortasse
705 3433 754 3487 illo
774 3434 838 3486 loeo
853 3440 1032 3495 narraverat,
1048 3431 1173 3506 Assera!-

117 3513 184 3550 uum
199 3494 360 3551 Pacideiano
375 3499 403 3551 ia
417 3516 455 3570 pu
476 3497 579 3567 nando,
598 3498 645 3552 ubi
661 3498 694 3552 ad
711 3500 885 3572 complexum
901 3508 1013 3551 ventum
1028 3505 1085 3563 est,
1101 3510 1172 3547 aurr

58 3610 65 3621 ,
117 3562 209 3617 culam
224 3561 362 3643 mordicus
381 3514 535 3619 abstuiisse.
551 3596 585 3609 -
616 3582 676 3619 eom
691 3566 800 3628 eladae,
817 3564 924 3618 inimico
940 3579 1000 3618 suo.
1035 3563 1071 3617 V.
1087 3575 1173 3631 supra

6 3684 7 3687 ,
116 3628 137 3683 l
152 3646 177 3684 a.
193 3644 237 3701 ep.
253 3630 278 3683 d.
294 3661 327 3672 -
360 3647 445 3683 meam
466 3630 557 3684 consil.
579 3648 635 3686 uon
652 3631 800 3685 accusandi
823 3630 986 3697 Gabinium,
1007 3644 1043 3681 ne
1059 3629 1173 3708 Pompe·

112 3710 175 3753 Jum
197 3693 373 3749 offenderem.
398 3729 431 3741 -
472 3708 584 3750 ornatas
600 3710 666 3749 esset
688 3698 802 3750 maxime
826 3696 966 3750 suadenda
982 3699 1044 3768 lege
1061 3692 1173 3771 Mandra

120 3768 149 3876 gt
173 3760 372 3878 supplicatione
396 3761 539 3816 duodecim
560 3760 676 3845 dierum
687 3761 876 3817 Mithridatico
899 3762 975 3816 bello
999 3760 1124 3814 confecto
1147 3773 1172 3811 er
1274 3808 1277 3816 .

6 3920 8 3927 >
120 3829 604 3973 05limitatantlltlngtld?
619 3830 686 3948 lli
698 3829 906 3975 &inlidi
919 3828 1172 3970 titatium?

156 3972 183 4008 ro
198 3955 300 4010 debere
314 3975 395 4033 saepe
409 3962 558 4031 profitetur
566 3961 670 4015 Cicero.
684 3977 719 4006 -·-
743 3962 945 4022 dassentr‘cntem,
958 3977 1011 4031 pro
1026 3975 1058 4013 re
1081 3955 1171 4009 ublrea

132 4030 280 4101 oquentem
295 4035 490 4098 egentemque,
506 4043 593 4097 quum
604 4026 766 4099 Pompeius,
782 4027 900 4095 Caesar,
917 4027 1032 4081 Crassus
1046 3977 1081 4076 aii
1094 4035 1171 4098 snam

6 4138 8 4153 ,
119 4096 270 4209 {solmam
282 4091 381 4212 duffii}
395 4095 695 4218 {immistam
711 4094 794 4155 tulit,
815 4093 936 4149 offensus
956 4092 1062 4165 quippe
1082 4100 1126 4139 me
1143 4103 1171 4138 tn

100 4206 103 4217 ι
411 4177 454 4215 llcl
471 4177 491 4233 P
646 4190 681 4217 q·
