3009 5067
320 304 372 376 96
469 309 506 371 bb
526 308 558 371 T.
579 307 761 373 CICERONIS
780 306 929 372 aennon.
949 308 997 371 ab
1019 307 1051 382 Q.
1071 308 1259 408 munau.

320 489 450 578 inipso
471 488 627 557 discessu
645 491 782 574 nostro,
811 485 952 554 alteram
971 487 1121 554 Arimino
1143 486 1274 555 datam:
1303 489 1384 577 plu-

321 615 398 686 res,
429 613 513 682 quas
539 592 661 662 scribis
688 597 725 659 te
753 591 913 679 dedisse,
941 612 1010 659 nun
1037 611 1247 681 acceperam.
1298 596 1379 686 Ego

321 721 376 770 me
394 703 431 768 iu
451 697 599 769 Cumano
620 703 663 767 ¹et
682 699 911 789 Pompeiano⁷
942 704 1176 788 praeterquam
1197 701 1285 789 quod
1306 704 1382 772 siue

322 813 378 896 tc,
399 813 546 875 ceterum
565 807 652 874 satis
673 806 844 874 commode
864 806 1071 875 oblectabam
1091 812 1127 874 et
1147 825 1239 875 eram
1253 809 1378 876 ineis·

323 914 400 982 dem
420 914 503 981 iocis
524 932 629 1002 usque
650 912 693 982 ad
713 912 792 980 Kal.
813 913 887 980 Iun.
908 911 1050 979 futurus.
1092 911 1288 982 scribebam
1306 914 1379 1006 illa,

321 1038 411 1108 quae
431 1019 582 1088 dixeram
602 1021 786 1085 πολιτικάς
817 1019 963 1105 spissum
990 1035 1074 1083 saue
1095 1015 1179 1103 opus
1200 1023 1236 1085 et
1257 1037 1379 1106 opero-

322 1147 408 1194 sum.
434 1125 541 1215 Sed,
562 1126 594 1192 si
610 1145 655 1192 ex
671 1126 840 1193 sententia
854 1125 1079 1209 successerit,
1100 1123 1188 1192 bene
1201 1126 1268 1192 erit
1281 1144 1382 1213 opera

324 1235 446 1321 posita.
497 1231 561 1302 Sin
588 1233 716 1299 minnse
747 1233 784 1298 in
812 1229 895 1298 illud
920 1232 1027 1317 ipsum
1052 1247 1142 1299 mare
1166 1229 1380 1321 deiiciemus,

325 1338 415 1426 quod
430 1318 637 1426 ’spectantes
662 1337 849 1405 scribimus.
900 1337 1153 1425 Aggrediemur
1180 1337 1267 1425 alia,
1295 1355 1382 1424 quo-

251 1448 285 1519 2.
325 1446 414 1512 niam
435 1446 611 1530 quiescere
631 1463 697 1512 non
710 1462 899 1530 possumus.
942 1442 1016 1510 Tuo
1031 1441 1385 1530 mandatapersequar

327 1550 512 1638 diligenter
532 1553 567 1618 et
588 1548 814 1638 adiungendis
835 1548 1021 1617 bominibus
1044 1555 1079 1617 et
1099 1549 1295 1637 quibusdam
1316 1569 1399 1645 non·

326 1655 523 1725 alienandis.
572 1656 739 1723 Maximae
759 1655 839 1722 mihi
858 1675 941 1725 vero
961 1676 1061 1725 curae
1082 1658 1165 1746 erit,
1186 1660 1225 1723 ut
1244 1655 1386 1724 Cicero-

327 1781 404 1830 nem
431 1767 523 1830 tuum
547 1768 761 1851 nostrumque
787 1763 938 1853 rideam,
967 1764 1098 1832 scilicet
1123 1764 1289 1852 quotidiee
1321 1764 1384 1832 sed

326 1868 501 1956 inspiciam
530 1867 609 1956 quid
637 1868 745 1935 discat
774 1886 872 1954 quam
899 1869 1123 1955 saepissime:
1154 1876 1206 1957 et,
1233 1870 1299 1935 nisi
1326 1869 1386 1936 ilie

329 1980 531 2061 contemnet,
548 1976 651 2042 etiam
666 1975 865 2063 magistrum
880 1993 932 2041 nue
951 1976 984 2041 ei
999 1974 1203 2062 profitebor:
1225 1976 1318 2041 cuius
1333 1977 1386 2041 rei

329 2082 522 2148 nonnullam
553 2081 826 2148 consuetudinem
855 2088 976 2149 nactus
1007 2100 1081 2148 sum
1112 2083 1147 2149 in
1178 2080 1241 2148 boc
1269 2081 1386 2148 horum

256 2188 291 2257 3·
332 2186 459 2253 dierum
479 2186 567 2274 otio,
589 2184 754 2254 Cicerone
773 2188 890 2254 nostro
911 2174 1282 2275 minore'producendo.
1322 2185 1386 2273 Tu,

331 2291 603 2380 quemadmodum
629 2293 773 2383 scribis,
805 2292 891 2379 quod
919 2294 1020 2359 etiam
1049 2294 1081 2358 si
1107 2311 1175 2358 non
1201 2290 1385 2375 scriberes,

330 2399 445 2469 facere
460 2406 495 2467 te
516 2399 777 2488 diligentissime
789 2403 901 2466 tamen
918 2399 1083 2484 sciebam,
1103 2399 1224 2484 iacies,
1243 2398 1387 2486 scilicet,

331 2596 434 2673 iauipro
450 2593 563 2672 debeone
578 2603 671 2673 nostro
692 2593 747 2648 ie.
764 2595 853 2674 statim
874 2606 1022 2676 ppctquuuu
1042 2613 1058 2651 a
1078 2606 1106 2652 te
1124 2593 1246 2676 discessi..
1258 2628 1291 2641 -
1329 2597 1392 2648 Ari·

330 2673 518 2777 ditabit?
532 2661 954 2779 &idemtitabat
967 2663 1101 2782 bibi?
1111 2663 1390 2783 dimidiabit

331 2788 480 2860 Campania
495 2805 589 2908 prope
610 2791 710 2846 Cumae
728 2800 756 2845 et
776 2747 931 2865 Pomsseior.
946 2767 982 2835 >2-
1016 2794 1182 2848 oblectabam.
1216 2794 1288 2847 Alii:
1310 2792 1392 2846 oblec·

332 2854 468 2934 cabaa·-
513 2873 612 2908 caerem
626 2872 669 2935 ane
686 2858 740 2912 acri
762 2868 866 2912 turum.
882 2892 913 2902 —
938 2859 1069 2926 πολιτικά,
1084 2859 1171 2912 libros
1187 2855 1220 2936 dc
1231 2858 1393 2936 republica,

332 2935 403 2991 quaa
424 2938 451 2974 nr
469 2922 591 2975 Cumano
610 2923 732 2977 seribere
750 2923 873 2979 institnit.
905 2925 943 2978 V.
958 2924 1028 2977 inire
1043 2925 1063 2978 Ι.
1075 2924 1129 2979 de
1152 2923 1258 2976 bunut.
1279 2921 1314 2975 ad
1331 2926 1391 2978 Arc.

332 2987 581 3067 4,14;rb‚paq.
602 3020 635 3033 -
666 2992 799 3059 spissum,
816 2987 1071 3056 lentum‚tacdurn‚
1087 2940 1205 3042 ultricia.
1234 2988 1270 3041 V.
1283 2988 1318 3041 ad
1334 2986 1390 3043 div.

333 3068 365 3118 u,
384 3069 429 3105 ιο.
445 3054 469 3118 lp.
492 3052 547 3108 Cic.
562 3064 632 3108 orat.
647 3070 677 3135 ².’
692 3054 734 3109 53.
751 3056 783 3124 3,
798 3056 839 3110 36.
857 3087 889 3101 -
921 3055 991 3125 quod
1008 3066 1155 3134 spectantes
1172 3055 1319 3111 scribimur.
1349 3055 1392 3108 ita

332 3117 746 3258 atalpe'ceuupfipipdpgepceipttquo
763 3132 829 3177 vett.
848 3137 901 3193 pro
924 3121 999 3193 vulg.
1027 3121 1168 3174 serrbencer
1187 3131 1343 3190 speetcmae.
1356 3151 1390 3166 -

403 3283 429 3343 ς.
452 3292 476 3331 a.
510 3277 682 3354 adiungendis
699 3277 733 3331 ad
750 3279 902 3336 amicitiam.
918 3314 951 3325 -
994 3281 1040 3332 red
1061 3268 1205 3360 respiciam.
1238 3278 1390 3397 Bentiuopi.

335 3341 382 3394 sed
396 3356 423 3396 ee
438 3344 592 3411 capicium,-
608 3343 694 3395 erdem
712 3356 802 3399 tamen
820 3347 957 3402 correctio
974 3349 1001 3400 in
1019 3361 1140 3417 margine
1156 3345 1320 3417 exemplaris
1339 3360 1354 3396 e
1374 3344 1393 3396 i·

336 3407 417 3462 tionis
429 3406 559 3480 principia
572 3408 748 3465 Victorianae
764 3424 790 3463 ec
804 3414 940 3483 inspiciam
952 3413 1035 3484 magia
1050 3409 1163 3465 arridet.
1182 3444 1214 3454 -
1244 3412 1327 3465 de'scot
1341 3412 1393 3481 Ty·

336 3474 468 3527 rannicne
484 3470 597 3528 doctore
606 3494 616 3543 3
640 3493 665 3529 v.
682 3494 767 3549 supra
784 3484 856 3548 epi
873 3478 928 3536 bui.
944 3479 1010 3534 libr.
1024 3476 1048 3545 §.
1062 3493 1086 3530 a.
1103 3510 1135 3520 -
1168 3478 1235 3539 ocio,
1251 3493 1266 3529 u
1282 3472 1394 3535 iudicio·

336 3556 399 3592 rum
413 3540 512 3612 reique¹
527 3541 655 3610 publicae
671 3560 737 3596 cura
750 3544 778 3596 in
795 3544 857 3596 vilia
876 3544 956 3599 liber.
972 3576 1005 3587 -
1037 3545 1137 3593 crebere
1152 3542 1233 3613 gloss.
1249 3540 1394 3596 videbatur

336 3603 476 3673 Munatio,
501 3607 566 3678 quia
587 3605 621 3661 ad
636 3605 797 3662 Ciceronem
817 3609 949 3663 minorem
967 3626 983 3661 a
1002 3611 1102 3659 macore
1119 3608 1212 3685 Quinti
1231 3606 1286 3658 filio
1301 3604 1395 3661 distin·

337 3669 492 3786 pecudum,
509 3688 595 3744 quum
615 3668 649 3726 ad
664 3673 779 3728 fratrem
796 3674 914 3741 scribat,
931 3692 986 3729 nun
1001 3690 1073 3745 opus
1089 3685 1150 3727 cnut
1164 3671 1264 3726 addere
1283 3675 1393 3727 mr'rrcre.

365 3735 457 3788 tenirn
472 3755 557 3809 supra
578 3749 642 3792 utro
665 3758 698 3793 ue
717 3740 880 3813 pronomine
899 3753 975 3793 tunm
992 3751 1162 3810 nostrumque
1174 3735 1267 3815 Quinti
1287 3747 1393 3792 tuntum

255 3850 258 3855 ,
337 3796 423 3851 filium
441 3802 601 3873 significasse
621 3753 745 3873 ridetur,
764 3808 788 3858 b.
804 3807 823 3860 l.
838 3817 930 3861 autern
943 3824 1030 3878 quum
1044 3803 1078 3858 de
1093 3822 1144 3859 suo
1159 3812 1264 3857 tantum
1279 3803 1336 3857 tilio
1356 3805 1394 3858 lo·

162 3866 166 3888 ¹
340 3872 461 3936 quatur,
477 3868 510 3921 ad
527 3870 729 3943 ambiguitatem
744 3870 879 3926 citandam
899 3893 924 3926 v.
934 3876 1034 3925 minore
1050 3867 1155 3924 adiecit.
1187 3869 1231 3923 cf.
1247 3869 1318 3923 infra
1334 3871 1360 3936 3,
1371 3889 1395 3936 ι,

340 3932 386 3998 ¹43
403 3927 429 3997 ὃ,
441 3935 466 3997 d.
488 3965 521 3976 ·-
557 3937 725 4003 producendo
746 3939 763 3990 i.
779 3955 802 3993 e.
826 3938 1006 4006 instituendo,
1031 3934 1175 3990 formando
1195 3942 1235 4000 (v.
1251 3936 1344 3993 quen.
1360 3938 1394 4001 b,

341 4001 396 4063 uir.
416 3999 455 4064 nd,
469 3996 546 4065 aab),
563 4011 610 4054 auc
625 4001 813 4071 producendo,
830 4006 869 4058 uti
884 4006 1006 4059 Oreliius
1020 4013 1122 4067 monet,
1139 4001 1172 4056 ed
1187 4000 1269 4074 ῥήσεις
1284 4001 1394 4072 (latinae

336 4073 442 4143 partem
456 4072 488 4141 dc
504 4061 761 4143 declamatiunculas
778 4067 849 4121 inter
865 4072 964 4127 amicos
979 4067 1156 4140 recitandas).
1173 4071 1287 4143 Absque
1305 4083 1398 4123 necea·

340 4137 418 4183 nitate
434 4137 517 4203 igitur
534 4127 645 4187 Schiita
661 4132 788 4203 reposuit
798 4135 969 4201 perdocenda,
