3009 5067
303 225 359 296 48
446 229 481 293 Μ.
503 227 533 289 Τ.
556 225 736 290 CiCERONIS
757 225 909 289 aristot.
932 228 980 289 Au
1001 228 1032 299 0.
1052 219 1218 290 FRATREM

301 411 419 478 essent
438 409 578 493 inimici,
600 427 737 496 quorum
759 408 941 477 crudelitas
961 411 1107 478 nondum
1124 415 1220 479 esset
1239 418 1360 479 nostru

302 517 490 585 calamitate
508 516 644 583 satiata.
687 514 819 582 Deinde
840 534 1049 605 congressus
1068 520 1175 585 nostri
1189 518 1360 584 lumenta-

302 624 427 690 tionem
447 595 622 708 pertimui:
651 621 846 709 digressum
866 642 949 690 vero
970 643 1037 690 non
1056 624 1230 713 tulissem3
1259 629 1363 710 atque

303 729 404 797 etiam
425 728 459 793 id
479 729 606 818 ipsum,
636 728 725 816 quod
745 733 783 794 tu
803 730 943 814 scribis,
969 731 1175 819 metuebam,
1202 749 1245 797 ne
1266 749 1288 796 u
1307 750 1363 797 me

303 833 445 900 distrahi
465 853 533 901 non
553 854 685 923 posses.
726 835 789 900 His
811 834 854 898 de
875 837 990 900 causis
1007 838 1072 904 hoc
1091 838 1267 906 maximum
1285 855 1360 902 ma·-

302 939 389 1027 lum,
411 939 500 1028 quod
521 945 556 1007 te
577 959 645 1006 non
664 937 752 1025 vidi,
774 955 839 1022 quo
861 937 943 1002 nihil
964 942 1202 1008 amantissimis
1223 947 1259 1008 et
1276 959 1361 1008 cun-

302 1044 518 1111 iunctissimis
539 1041 696 1108 iratribus
717 1041 874 1110 acerbius
895 1063 937 1111 ec
955 1046 1112 1112 miserius
1138 1048 1274 1115 videtur
1299 1067 1362 1115 ac-

304 1150 417 1217 cidcre
437 1150 607 1237 potuisse,
635 1150 744 1214 minus
764 1150 940 1239 acerbum,
968 1153 1076 1216 minus
1097 1152 1254 1220 miserum
1280 1153 1365 1244 suit,

305 1276 401 1344 quam
421 1254 544 1321 fuisset
563 1274 662 1343 quum
682 1256 901 1344 congressio,
922 1260 991 1321 tum
1008 1274 1090 1321 vero
1106 1255 1275 1346 digressio
1292 1277 1363 1324 no-

198 1361 209 1372 “
252 1398 262 1418 ·
303 1367 386 1429 stru.
435 1362 556 1452 Nunc,
583 1364 614 1430 si
634 1367 755 1451 potes,
783 1363 818 1430 id
839 1362 926 1451 quod
947 1381 1038 1452 ego,
1065 1363 1120 1449 qui
1147 1362 1206 1429 tibi
1226 1382 1364 1449 semper

302 1467 402 1535 fortis
430 1466 590 1557 videbar,
616 1487 683 1533 non
707 1487 865 1558 possum,
894 1469 993 1556 erige
1013 1475 1048 1535 te
1069 1474 1105 1536 et
1125 1469 1302 1557 confirma,
1330 1470 1364 1535 si

303 1593 369 1663 qua
389 1573 563 1641 subeunda
584 1573 749 1641 dimicatio
770 1576 845 1641 erit
885 1575 1020 1664 Spero,
1042 1576 1074 1641 si
1093 1575 1170 1662 quid
1187 1594 1262 1643 meu
1279 1593 1363 1662 spes

303 1680 407 1747 hahet
419 1681 652 1767 auctoritatis,.
669 1680 730 1747 tibi
746 1684 782 1748 et
793 1682 1028 1771 iutegritatem
1049 1687 1141 1749 tuam
1161 1685 1197 1748 et
1217 1699 1365 1749 umorem

302 1787 339 1853 in
368 1791 405 1853 te
435 1787 584 1854 civitatis
613 1792 649 1854 et
676 1786 801 1874 uliquid
834 1790 935 1857 etiam
965 1787 1225 1855 misericordiam
1254 1787 1364 1853 nustri

303 1893 465 1981 praesidii
491 1893 643 1960 laturum
696 1891 760 1961 Sin
787 1894 855 1961 eris
883 1895 926 1962 ab
952 1895 1018 1962 isto
1045 1895 1192 1982 perifllo
1212 1913 1360 1984 vacuus,

304 2018 392 2086 ages
413 1998 563 2088 scilicet,
585 2000 616 2064 si
637 1997 716 2086 qaid
736 2000 797 2086 agi
817 2017 922 2087 posse
943 1998 985 2065 de
1004 1999 1101 2065 nobis
1122 1999 1267 2087 putabis.
1308 1999 1362 2065 De

305 2125 370 2194 quo
392 2107 542 2173 scribunt
568 2104 613 2172 ud
639 2124 692 2171 me
714 2105 846 2193 quidem
867 2104 963 2170 multi
982 2104 1087 2171 muita
1107 2109 1142 2169 et
1161 2122 1201 2169 se
1222 2122 1363 2190 sperare
1391 2125 1392 2134 ¹

306 2213 558 2280 demonstrent:
594 2211 657 2280 sed
687 2231 777 2301 ego,
809 2210 887 2299 quid
919 2229 1074 2300 sperem,
1107 2229 1176 2277 non
1203 2210 1362 2300 dispicio,

305 2341 403 2409 quum
422 2322 546 2388 inimici
564 2320 738 2407 plurimum
759 2318 915 2404 valeant,
937 2318 1035 2383 amici
1055 2318 1177 2403 partim
1198 2315 1364 2388 deserue-

304 2429 373 2494 rint
400 2445 470 2512 me,
501 2427 622 2513 partim
643 2427 743 2490 otiam
764 2422 995 2510 prodiderint:
1027 2424 1082 2510 qui
1103 2424 1137 2489 in
1158 2440 1232 2489 meo
1254 2422 1366 2489 reditu

305 2533 451 2600 fortasse
464 2530 759 2618 reprehensionem
773 2531 825 2597 sui
838 2530 980 2599 scelerIs
993 2531 1243 2617 pertimescant.
1279 2527 1366 2615 Sed,

243 2667 246 2677 λ
304 2638 374 2703 ista
396 2636 508 2722 qualia
528 2636 615 2724 sint,
647 2641 683 2701 tu
703 2637 804 2704 velim
824 2638 1012 2725 perspicias
1033 2636 1177 2724 mihique
1199 2635 1364 2703 declares.

304 2741 384 2830 Ego
410 2744 542 2830 tamen,
573 2740 727 2827 quamdiu
755 2742 815 2809 tibi
845 2763 929 2831 opus
957 2743 1039 2832 erit,
1069 2746 1100 2808 si
1126 2739 1204 2828 quid
1224 2741 1368 2826 periculi

305 2844 512 2910 subeundum
542 2844 690 2936 videbis,
721 2849 852 2936 vivam3
885 2847 1008 2913 diutius
1035 2847 1069 2910 in
1095 2845 1158 2909 hac
1186 2846 1257 2910 vita
1284 2862 1366 2936 esse

275 2983 278 2988 =
304 2969 371 3018 non
387 2969 534 3037 possum.
576 2951 697 3040 Neque
717 2957 805 3021 enim
825 2957 951 3020 tantum
968 2951 1086 3017 viriam
1102 2949 1204 3016 habet
1220 2950 1289 3016 ulla
1304 2954 1366 3017 out
1386 3040 1391 3046 ι

305 3057 483 3144 prudentia
503 3062 561 3124 aut
574 3058 738 3149 doctrina,
760 3064 796 3126 nt
811 3063 938 3126 tantum
955 3056 1104 3125 dolorem
1123 3058 1235 3144 possit
1255 3058 1363 3124 susti·

370 3286 394 3358 i.
417 3287 441 3345 t.
473 3291 625 3353 dimicanti,
649 3287 735 3344 intell.
756 3287 974 3361 repetundarum
996 3287 1225 3355 accusationem,¹
1243 3304 1315 3360 quae
1339 3286 1363 3341 ei

305 3353 497 3427 impendebat3
520 3355 592 3410 inira
609 3357 659 3409 hac
677 3364 710 3426 ξι
734 3356 839 3427 siquid
853 3356 968 3425 periculi
980 3356 1140 3409 meandum
1155 3350 1259 3409 cudebat.
1275 3387 1308 3398 -
1341 3358 1371 3405 η’

306 3439 331 3491 q.
348 3439 381 3477 m.
395 3439 454 3501 spes
466 3422 524 3476 hub.
542 3434 646 3479 auctor.
663 3422 755 3479 iusi
770 3420 838 3494 quid
853 3420 929 3493 apud
946 3431 974 3476 te
991 3422 1064 3475 velet
1081 3421 1133 3474 hoc
1152 3418 1230 3492 quod
1246 3434 1367 3496 mespe-

306 3502 371 3539 rarc
386 3487 470 3553 uides,
482 3486 534 3542 tibi
547 3504 603 3541 non
616 3504 685 3541 vana
696 3488 807 3541 videtur
821 3504 881 3541 mea
893 3503 963 3559 opes.
978 3520 1012 3532 -
1045 3491 1096 3538 ἱειο
1109 3504 1166 3555 per.
1187 3493 1368 3538 accusationis

306 3550 344 3604 ob
365 3553 532 3623 provinciam
553 3568 636 3607 avare
655 3551 881 3608 administratam.
895 3586 927 3596 -
961 3553 1135 3614 deseruerint,
1160 3550 1237 3603 nullo
1263 3547 1365 3602 auxilio

305 3618 449 3739 praestito,
461 3620 638 3687 prodiderint,
658 3624 730 3673 malo
747 3618 811 3672 mihi
828 3617 938 3672 inflicto.
958 3618 1001 3676 Cf.
1011 3617 1078 3697 unit.
1096 3635 1136 3686 10,
1149 3616 1176 3680 3,
1191 3633 1215 3682 7·
1231 3610 1368 3696 Doederh

305 3685 882 3823 ‚hiltini‚potissmium
895 3679 1365 3824 tti‘tittmittitis}

306 3848 340 3860 -
356 3818 460 3887 quamd.
474 3818 525 3869 tibi
539 3835 580 3887 op.
600 3819 651 3869 erit
666 3842 698 3867 =
716 3816 848 3889 quamdiu
865 3817 919 3871 vita
940 3831 1000 3869 mea
1017 3815 1067 3869 tibi
1083 3814 1226 3868 utilitatem
1242 3810 1363 3889 aliquam

308 3882 411 3937 afferro
433 3884 542 3955 poterit.
560 3915 592 3925 -
631 3885 772 3951 prudentia
797 3901 822 3937 a.
846 3884 946 3945 doctr„
973 3879 1143 3954 philosophia
1164 3885 1286 3945 practica
1315 3886 1364 3930 aut

307 3948 475 4016 theoretica,
493 3964 563 4018 quas
580 3964 628 4000 nou
645 3947 767 4002 dicimus.
