3009 5067
316 293 371 365 88
458 298 495 357 lt.
516 297 546 357 T.
568 295 750 359 clcnnoltls
771 296 922 358 epistol.
942 296 991 359 lo
1013 297 1044 368 Ο.
1065 294 1232 358 FRATREM

318 454 391 548 cist
411 483 483 566 θεῖς
506 496 604 565 quum
624 496 685 544 eos
706 479 917 565 praetorne
937 481 974 544 et
989 475 1143 544 Bibulum
1162 483 1200 544 et
1212 476 1377 547 Calidium

269 631 279 649 .
320 590 356 652 et
376 586 561 652 Favonium
586 601 684 677 nenio
711 582 921 653 defenderet.
975 583 1029 653 lle
1055 588 1091 651 te
1117 583 1377 675 edlognetibus

320 692 363 760 ali
385 689 506 778 Sipylo
524 691 648 758 mentio
670 694 726 758 est
746 687 928 761 honorifica
948 687 1058 778 factu,
1091 706 1190 773 quum
1217 695 1252 756 te
1277 712 1377 759 unum

320 800 472 866 dicerent
491 797 709 884 postulationi
727 796 769 861 li.
791 795 898 864 sistit
918 796 1052 864 Pansae
1072 798 1253 866 restitisse.
1301 800 1376 864 lle-

199 944 202 951 ·
253 936 258 945 ,
319 904 421 990 liquit
442 903 561 970 diebus
581 904 612 969 si
633 903 711 992 quid
733 903 813 991 erit,
842 900 928 988 quod
949 905 985 966 te
1005 901 1094 967 scire
1115 918 1201 988 opus
1219 903 1286 988 sit,
1316 911 1376 970 ant

234 1010 242 1021 '
291 1011 423 1077 *edum
455 1009 487 1073 si
516 1007 598 1075 nilill
625 1009 708 1092 crit,
749 1011 861 1075 temen
888 1006 1031 1074 scribam
1064 1008 1211 1094 quetidie
1240 1009 1376 1098 aliquid.

269 1162 278 1180 .
319 1114 433 1182 Pridie
452 1114 503 1180 ld.
524 1131 634 1201 neque
653 1113 714 1179 tilii
734 1131 844 1201 neque
864 1113 1048 1200 Pomponio
1069 1111 1181 1182 deero.
1227 1115 1381 1184 Lucretii

321 1212 498 1313 poimatu,
525 1224 563 1287 nt
582 1219 725 1307 scribis,
756 1219 804 1287 ito
831 1214 931 1291 sunt:
965 1238 1035 1287 non
1060 1221 1172 1291 multis
1199 1221 1380 1295 luminibus

760 1364 768 1391 Ι

318 1406 511 1503 Graecorum,
534 1445 618 1506 atque
628 1430 774 1491 Heraclid.
785 1431 821 1486 de
836 1432 915 1505 polit.
930 1451 957 1486 v.
975 1432 1062 1485 Tened.
1077 1460 1110 1475 -ι
1141 1433 1179 1487 tl.
1194 1431 1379 1504 Calpurnium

322 1501 464 1563 Bibulum,
481 1502 513 1556 C.
528 1500 654 1555 Caesarie
669 1499 697 1553 iii
713 1498 859 1555 consulatu
872 1498 1006 1573 collegam
1022 1515 1046 1553 a.
1060 1515 1087 1552 ιι
1098 1495 1156 1570 opt.
1189 1515 1215 1552 v.
1230 1496 1266 1552 ad
1279 1504 1338 1555 att.
1355 1520 1380 1568 1,

323 1585 358 1687 it
371 1575 505 1689 titios
518 1561 1237 1702 ttidilz’ttttlttffi’vilit‘ttlttttiitt
1250 1579 1276 1702 ζ
1287 1567 1380 1704 iniit

324 1695 370 1758 ι.
388 1718 416 1766 ι,
429 1699 455 1753 s.
474 1696 496 1766 s.
508 1717 533 1768 7.
550 1697 622 1751 ntra
637 1697 670 1765 a,
684 1713 698 1749 i
714 1694 772 1757 inii.
791 1696 849 1750 oie.
865 1696 943 1774 aaut„
958 1671 1006 1768 ᾖ,
1020 1697 1078 1764 274.
1097 1727 1130 1738 -
1162 1697 1201 1751 ιι.
1216 1672 1380 1760 daonium,

348 1764 436 1827 atonis
450 1764 585 1833 amicum
601 1772 665 1836 pout
679 1763 818 1834 proelium
835 1761 1010 1833 Philippense
1026 1771 1124 1834 ceptus
1137 1771 1180 1829 et,
1202 1778 1289 1833 quum
1304 1772 1380 1825 catt-

323 1841 404 1891 natus
416 1828 636 1903 produceretur,
652 1829 774 1883 Antonio
791 1827 941 1881 honorifice
958 1827 1077 1882 salutato
1093 1826 1121 1880 iii
1137 1829 1286 1883 Caesarem
1301 1828 1380 1884 Octa·
1423 1840 1426 1849 ’

323 1895 433 1952 danum
449 1895 758 1961 acerbissimainveotus
771 1892 912 1948 occiditur.
944 1895 980 1950 V.
998 1893 1111 1951 Sueten.
1126 1896 1197 1966 Aug.
1214 1894 1253 1949 ill.

389 2006 418 2071 ς.
434 2001 459 2057 3.
491 2003 532 2054 Ile
547 2013 589 2063 te,
608 2001 673 2074 quia
688 1999 855 2072 Magnesiam
870 1999 1003 2074 Quintus,
1020 2016 1107 2071 quum
1120 2010 1192 2055 estet
1204 2000 1230 2053 in
1246 2000 1310 2055 deit
1324 2017 1378 2072 pro

324 2078 475 2189 ilmm‘e’
497 2064 617 2146 triennio
640 2077 703 2146 ante
723 2076 843 2145 rexerat.
861 2098 895 2113 -
936 2084 954 2145 fi
975 2067 1159 2134 Magnetibus,
1185 2067 1211 2120 lc
1231 2067 1281 2121 atie
1301 2066 1378 2147 urbis

358 2130 1026 2267 eternitateilldlltufitltftl
1041 2130 1178 2265 little:
1197 2145 1379 2253 utititas

324 2202 573 2385 gipt?{3‘⁰⁸i.'⁹gl·
588 2265 689 2346 dadone
703 2274 811 2344 mouet:
835 2237 1072 2331 »Magnetibus’ad
1087 2264 1178 2334 Sipylo
1195 2263 1278 2329 dixit,
1294 2273 1326 2318 ut
1341 2261 1379 2317 di·

323 2342 530 2405 stinguantura
568 2329 829 2409 aliiouldagnetibus,
851 2339 920 2400 puta
935 2326 969 2380 ad
984 2329 1174 2408 Maeandrum.
1207 2328 1380 2411 M⁰Q¹¹¹191

322 2397 427 2471 quendi
442 2397 586 2480 coufirmat
602 2397 742 2450 Ciceronis
761 2411 876 2462 numne,
923 2408 985 2446 uem
1006 2405 1034 2448 et
1053 2395 1176 2449 Clericus
1190 2406 1328 2475 meminit,¹
1349 2415 1377 2450 in

322 2481 381 2585 oi
397 2462 755 2607 animumn
772 2459 1378 2608 uenenorumsicima

320 2569 1378 2733 niualititultonuiliit‘t‘momtuoiututat:

320 2757 356 2771 ..
375 2725 463 2777 Pridie
477 2724 515 2778 ld.
534 2740 571 2779 so.
591 2720 729 2784 Februar.
767 2726 802 2780 V.
826 2739 871 2795 ep.
896 2738 954 2795 aeq.
974 2721 1032 2785 init.
1055 2757 1087 2770 -
1130 2743 1209 2795 neque
1228 2726 1378 2804 tiliaeque

203 2838 207 2858 ,
320 2790 409 2858 Pomp.
425 2789 513 2853 deero,
529 2789 647 2844 fortasse
665 2799 696 2844 ut
712 2805 883 2843 communem
897 2790 1045 2861 utriusque
1065 2806 1126 2844 rem
1146 2791 1173 2846 lu
1189 2789 1281 2862 aliqua
1294 2806 1377 2845 cause

321 2852 490 2911 defenderet.

386 2952 411 3017 8.
435 2953 459 3015 lp
495 2949 527 3004 Τ.
543 2950 663 3005 Lucretii
677 2949 760 3017 Cari,
783 2947 916 3020 Epicurei
926 2950 1068 3017 poimotu,
1090 2945 1154 3000 libri
1171 2946 1213 3000 VI
1229 2942 1264 2999 de
1281 2960 1379 2999 cerum
1411 2990 1414 2997 ,

319 3021 435 3080 natura,
457 3015 506 3085 qui
521 3014 602 3068 hodie
620 3024 733 3072 exstant.
769 3013 811 3071 Cf.
828 3013 913 3067 Forbi
932 3010 1010 3066 erdo
1028 3014 1110 3065 Luco.
1126 3027 1209 3066 carm.
1228 3028 1256 3083 p.
1273 3011 1377 3067 116„-

319 3097 385 3136 non
401 3079 493 3133 moion
509 3081 649 3139 luminibus
665 3083 769 3136 inventi
802 3079 850 3134 Sic
867 3029 950 3133 cdliii
966 3077 1079 3133 echeon.
1096 3093 1130 3130 ex
1151 3077 1309 3132 coniectura
1325 3078 1378 3133 lic·

318 3146 413 3214 nestii,
429 3144 567 3215 probante
579 3118 734 3201 Eichstadio
750 3144 785 3199 ad
797 3147 910 3199 Lucret.
927 3161 956 3215 p,
969 3162 1083 3200 nxmx.
1117 3143 1188 3197 Cum
1202 3143 1255 3197 hoc
1266 3144 1378 3203 Cicero·

317 3212 361 3265 nie
376 3210 477 3267 iudicio
493 3213 666 3268 consentiunt
682 3211 730 3266 viri
744 3209 818 3264 docti
833 3220 942 3267 nostrae
958 3211 1062 3265 aetatis.
1096 3210 1192 3263 Lectio
1210 3226 1277 3263 vero
1296 3209 1377 3266 codd.

319 3289 379 3333 eet:
401 3291 433 3331 ut
453 3278 560 3343 scribe,
583 3281 623 3330 ite
642 3290 723 3339 sunt,
746 3277 838 3332 multis
854 3277 1010 3339 luminibus,
1036 3276 1054 3330 i.
1074 3290 1098 3330 e.
1119 3274 1255 3348 ingenium
1280 3279 1375 3348 potitae

317 3340 443 3414 produnt
460 3358 503 3396 ma
523 3344 561 3413 ἰ,
584 3358 669 3415 quam
687 3352 792 3412 artem3
817 3340 851 3396 de
892 3360 926 3396 ua
944 3343 1033 3397 Orell.
1053 3341 1120 3395 haec
1138 3340 1267 3396 adnotat:
1297 3342 1376 3395 »Etsi

319 3408 456 3482 vulgatam
472 3359 594 3464 ‹taiindio
608 3406 782 3475 Walieiield,
799 3409 844 3463 rix
863 3359 943 3464 iiiiter
957 3409 1050 3463 facere
1065 3424 1229 3490 possumus,
1244 3423 1328 3480 quam
1346 3416 1376 3461 ut

317 3474 455 3533 alterutro
476 3473 538 3529 loco
561 3475 732 3547 negationem
756 3475 800 3528 vel
818 3486 917 3530 contra
938 3471 1045 3529 codices
1066 3489 1234 3543 inseramus,
1262 3473 1376 3528 maxime

316 3550 437 3610 propter
460 3560 486 3595 v.
510 3553 614 3603 tanuen,
641 3541 717 3614 quod
743 3557 781 3612 op
802 3540 946 3595 coitionem
971 3541 1099 3611 requirit.
1145 3539 1212 3597 scii.
1233 3538 1377 3611 negatione

310 3605 434 3674 emissa,
457 3616 489 3660 nt
502 3606 605 3661 lumina
621 3607 721 3680 ingenii
741 3559 827 3660 muita
842 3605 871 3661 in
886 3604 1019 3659 Lucretio
1036 3614 1266 3677 agnoscerentur,
1289 3604 1385 3675 scrip·

316 3677 377 3723 tum
397 3673 560 3742 oportebat:
591 3675 631 3724 ita
649 3685 729 3725 eunti
754 3673 846 3723 multis
866 3671 1006 3723 luminibus
1026 3673 1128 3752 ingenii
1148 3673 1295 3741 multaeque
1315 3670 1376 3737 (vel

306 3736 417 3809 ,multae
433 3741 527 3802 etium,
548 3739 648 3792 inuitae
664 3742 737 3810 item)
756 3740 841 3790 ortui
864 3746 927 3804 eut,
951 3735 973 3789 si
993 3751 1096 3792 marist
1121 3738 1213 3791 mulio
1236 3736 1376 3790 tumultibus

365 3802 431 3861 onii,
454 3808 563 3858 maiorm
578 3815 666 3856 tumen
682 3807 783 3858 urtam«
815 3806 863 3867 ,De
884 3801 1041 3856 locutione:
1058 3815 1091 3855 ut
1111 3802 1222 3864 serito,
1237 3805 1375 3870 ita2sunt,

316 3820 470 3919 illelius
485 3878 513 3922 et
525 3866 615 3926 Orell.
638 3867 673 3923 ad
687 3870 743 3924 Cic.
756 3886 811 3988 pro
823 3868 913 3925 Sestio
925 3878 952 3928 s.
984 3868 1136 3940 Bentiuogl.
1151 3864 1185 3920 od
1199 3867 1224 3921 il.
1235 3868 1254 3921 l.
1272 3878 1377 3922 monem

316 3930 479 3987 Ciceronem
493 3933 650 3988 emendasse
666 3946 694 3990 et
711 3933 754 3989 edi
774 3937 826 3991 isse
842 3934 964 3989 Lucretii
995 3937 1115 4001 odmata,
1131 3943 1227 3986 narrat
1241 3933 1377 3987 Eusebius

314 3997 343 4051 in
360 3997 505 4076 Chronico,
539 4000 653 4070 Exque
670 4000 773 4055 inferre
789 4006 952 4072 possumus,
974 3951 1028 4055 icc
1043 4010 1171 4069 tempore
1191 4008 1219 4055 et
1234 3996 1377 4052 emendan-

316 4063 359 4116 dis
377 4072 518 4136 poematos
531 4064 659 4118 Lucretii
668 4067 796 4120 Marcum
818 4082 933 4146 operam
948 4064 1126 4139 impendisse,
1153 4073 1182 4119 et
1196 4065 1297 4120 iactum
1318 4078 1374 4135 pro

315 4126 348 4197 iit
363 4144 504 4205 pugnare,
520 4129 570 4202 qui
585 4140 702 4185 mortem
716 4130 839 4187 Lucretii
854 4147 927 4186 tono
936 4150 971 4208 pu.
985 4151 1008 4187 c.
1020 4130 1070 4200 aue
1085 4127 1229 4186 collocent.
1245 4161 1276 4173 ·-
