3009 5067
517 337 619 443 arcp.
662 337 712 400 nr.
733 340 753 399 t.
1123 335 1167 404 1⁷

6 605 7 608 Ἴ
107 521 351 609 tiqueservire.
394 519 501 607 cajus
516 519 646 606 quidem
660 522 801 608 generis
814 526 972 590 constare
985 521 1075 591 inter
1089 541 1173 591 oms
1205 518 1260 587 at.

109 643 171 697 nes
193 629 290 696 video
313 628 376 696 abs
393 631 429 693 tc
446 644 606 694 summam
621 624 772 691 adhiberi
787 625 1018 715 diligentiam:
1039 630 1165 697 nullum

106 756 168 804 aes
189 738 334 803 alienum
355 749 479 798 novum
500 729 654 797 contrahi
673 729 886 796 civitatibus:
915 737 1034 800 vetere
1054 739 1165 803 autem

59 856 62 861 ·
108 860 235 931 magno
263 846 298 906 et
324 838 427 926 gravi
452 837 573 904 multas
599 837 661 904 abs
689 840 724 902 te
749 854 835 924 esse¹
854 837 1036 905 liberatasr
1068 842 1169 908 nrbes
1244 877 1247 890 ι

109 947 300 1034 complures
314 944 440 1010 dirutas
457 962 498 1010 ac
513 961 623 1030 paene
632 941 814 1031 desertas,
827 980 870 992 -
883 944 918 1008 in
935 943 1054 1031 quibus
1069 965 1169 1013 unam

110 1057 228 1122 Ioniae
249 1049 505 1138 nobilissimam,
527 1049 668 1116 alteram
689 1048 833 1138 Cariae,
854 1050 993 1119 Samum
1013 1058 1049 1119 et
1067 1052 1168 1118 Hali-

6 1213 7 1216 ,
113 1175 327 1245 cataassim,
356 1192 396 1205 -
425 1175 486 1243 per
507 1148 542 1222 tc
569 1173 649 1222 esse
669 1157 861 1223 recreatasr
890 1156 1002 1222 nullas
1030 1175 1109 1224 esse
1134 1158 1170 1224 iu

115 1261 245 1349 oppidis
263 1260 467 1350 seditiones,
486 1260 598 1328 nullas
616 1259 824 1329 discordiasz
846 1260 1017 1349 provideri
1036 1262 1099 1329 abs
1116 1267 1171 1349 te,
1245 1285 1249 1294 ·

113 1372 150 1431 ut
171 1363 324 1432 civitates
352 1365 558 1452 optimatium
582 1366 732 1433 consiliis
759 1357 1054 1436 administrentur:
1086 1370 1170 1437 snb·

112 1471 182 1537 lata
201 1470 335 1557 Mysiae
356 1470 552 1548 latrocinia:
582 1471 707 1537 caedes
733 1474 846 1541 multia
865 1474 952 1541 locis
971 1493 1186 1562 repressast-

6 1615 11 1644 r
66 1653 67 1656 Ἴ
113 1594 230 1671 pacem
262 1581 335 1643 tota
364 1577 538 1663 provincia
570 1579 806 1645 constitutomt
840 1598 950 1667 nequo
979 1580 1087 1648 solum
1114 1581 1172 1647 illa

6 1693 8 1760 Ϊ
110 1681 267 1748 itinerum
283 1686 384 1774 atque
401 1693 579 1771 agrorum,
601 1683 663 1750 sad
680 1686 782 1753 multu
803 1688 904 1754 etiam
924 1686 1022 1774 plura
1042 1692 1078 1754 et
1097 1705 1171 1753 ma-

112 1790 185 1855 iora
206 1787 400 1875 oppidorum
422 1794 458 1854 et
479 1787 632 1856 fanorum
652 1790 742 1858 furta
763 1796 798 1860 et
818 1792 994 1860 latrocinia
1012 1811 1093 1860 esse
1108 1792 1172 1859 de·

113 1898 231 1985 pulsa:
263 1895 421 1966 remotam
447 1913 469 1961 a
491 1896 579 1963 fama
601 1900 637 1964 et
657 1917 677 1964 a
698 1898 842 1967 fortunis
863 1905 899 1967 et
919 1901 961 1968 ab
984 1900 1053 1967 otio
1074 1900 1173 1966 locu·

111 2003 249 2090 pletium
274 2002 365 2067 illam
391 2001 640 2070 acerbissimam
665 2006 851 2072 ministram
871 2013 1063 2092 praetorum
1085 2021 1173 2073 aua·
1287 2058 1290 2064 .

7 2163 8 2166 ,
114 2110 232 2198 ritiae,
254 2107 475 2174 calumniam:
492 2104 645 2193 sdmptus
662 2110 839 2177 attributa
856 2113 1028 2179 civitatum
1043 2113 1085 2179 ab
1102 2134 1174 2181 om·
1241 2190 1243 2196 7

6 2299 7 2302 Ἴ
113 2215 237 2298 nibus,
258 2214 314 2296 qni
334 2229 448 2277 earnm
470 2211 642 2278 civitatum
662 2212 747 2279 fines
763 2215 932 2300 incolant,
956 2218 1092 2284 tolerari
1110 2238 1174 2289 ae·

6 2379 8 2386 ,
117 2316 313 2405 quabiliterr
340 2314 520 2382 facillimos
548 2297 628 2381 esse
655 2315 765 2382 aditus
786 2316 830 2383 ad
851 2322 907 2385 tea
935 2324 1054 2405 patere
1076 2340 1176 2391 aures

6 2421 8 2474 ἶ
116 2433 194 2495 tuas
215 2422 361 2512 querelis
383 2422 545 2489 omnium:
577 2421 700 2488 nullius
727 2423 871 2511 inopiam
898 2442 939 2490 ac
964 2418 1177 2505 solitudinem

6 2527 7 2544 ¹
117 2551 187 2600 non
207 2531 306 2601 modo
325 2530 384 2598 illo
412 2528 567 2616 populari
595 2547 737 2596 accessu
765 2548 807 2598 ac
835 2528 1027 2621 tribunali,
1044 2532 1108 2599 aed
1132 2552 1178 2599 ne

6 2625 8 2662 *
117 2639 216 2707 domo
239 2637 371 2726 quidem
391 2644 425 2703 et
443 2635 593 2703 cubiculo
611 2656 691 2704 esse
707 2635 877 2705 exclusam
893 2643 969 2728 tuo,
990 2642 1061 2705 toto
1078 2638 1177 2706 deni-

119 2766 184 2835 que
214 2741 302 2836 [in]
322 2744 461 2831 imperio
487 2742 570 2848 nibil
595 2744 751 2813 acerbum
779 2762 882 2830 esse,
913 2744 995 2811 nibil
1023 2745 1177 2836 crudele,
1243 2770 1246 2777 ¹

205 2956 268 3012 ‚aa
302 2955 382 3007 Cuius
398 2953 500 3024 parilem
513 2951 637 3019 genera,
662 2959 693 3004 ut
713 2964 825 3017 eorum,
847 2943 950 3021 quibus
985 2951 1087 3016 raetis,
1106 2966 1180 3006 corn·

120 3019 211 3076 rnodrs'
222 3018 388 3091 utilitatique
404 3017 515 3074 servius
531 3048 564 3059 -
596 3015 676 3067 urbes
693 3016 846 3093 complures.
878 3015 910 3069 ln
925 2966 1018 3069 nuqua
1033 3015 1108 3072 editt.
1125 3033 1179 3070 vox

120 3086 198 3140 urbes
212 3083 338 3140 adiicitur
353 3082 493 3157 superiori
507 3080 650 3150 membro,
670 3090 749 3135 utut
766 3080 893 3133 liberator
907 3082 991 3135 artos.
1024 3081 1081 3137 Sed
1095 3097 1179 3135 error

121 3150 254 3223 irrepsit,
278 3159 310 3203 ut
326 3160 402 3205 recte
420 3149 526 3203 monuit
543 3150 639 3214 Face,
663 3163 720 3200 non
737 3145 932 3218 reputantibus
948 3146 977 3200 in
995 3163 1053 3218 quo
1069 3146 1181 3200 differat

121 3216 194 3272 urbs
210 3232 224 3269 a
243 3214 359 3268 civitate.
373 3246 405 3261 -
438 3226 572 3268 recreatos
585 3239 617 3263 =
634 3215 807 3267 instauratas.
825 3244 858 3257 -
898 3232 931 3284 op
949 3215 982 3266 id,
998 3223 1024 3264 et
1030 3211 1182 3279 sunjon.

122 3295 149 3337 et
166 3283 214 3337 lot.
249 3282 326 3334 Hane
339 3281 403 3333 lect.
418 3294 470 3351 per
483 3296 512 3332 ss
526 3277 634 3332 minimo
646 3277 844 3349 spernendam,
861 3279 908 3333 scd
923 3230 957 3334 ase
968 3278 1181 3349 interpolatione

6 3415 7 3418 Ἴ
123 3356 281 3420 suspectam
301 3361 361 3398 esse
377 3345 414 3399 ait
431 3343 520 3398 Orell.
555 3343 706 3425 Bentivossl.
726 3344 823 3399 maiori
845 3347 930 3415 opali.
946 3345 1036 3398 minus
1053 3341 1180 3407 fenorum

123 3432 185 3471 eam
200 3412 238 3468 ob
252 3427 361 3467 causam
374 3409 501 3481 subiungi
515 3416 609 3486 pptut,
625 3424 690 3478 qum
702 3409 846 3464 latrocinia
857 3364 987 3465 fanorum
999 3408 1103 3463 maiora
1116 3418 1182 3464 sunt

125 3498 211 3554 quam
230 3475 414 3550 oppidorum,
435 3475 471 3529 ob
492 3474 542 3530 rob
561 3489 659 3526 nonem.
673 3503 706 3515 -
736 3473 822 3541 furta
839 3476 910 3531 fiunt
928 3477 1013 3540 clam,
1039 3475 1181 3528 latrocinia

126 3547 228 3620 palam.
245 3578 279 3590 -
320 3543 495 3612 locupletium.
527 3490 612 3614 linig.
634 3539 800 3608 locupletum.
815 3573 849 3587 -
891 3543 1068 3603 columm‘am,
1089 3538 1181 3596 fictam

126 3611 342 3677 accusationem,
367 3606 478 3681 quidam
501 3606 574 3659 enim
593 3602 800 3678 provinciarum
821 3608 977 3678 praesides,
1002 3607 1042 3660 uti
1061 3606 1180 3673 Verres,

126 3688 302 3733 accusatores
318 3674 496 3746 locupletium
512 3670 717 3738 subornabant,
742 3682 774 3725 ut
791 3688 824 3726 ex
842 3690 940 3727 eorum
956 3669 1181 3726 condemnatione

127 3754 273 3861 quaestubrp
288 3741 427 3804 tacerent,
451 3737 578 3858 adeoqag
593 3738 785 3858 ξοριίηὲἓτῖῐὲι
804 3748 1042 3859 usurpzrcntffia
1059 3735 1184 3859 siglam

129 3810 323 3945 minzi
335 3821 601 3933 seraxb‘tffiusserlnnilrlrlem
611 3822 657 3923 30
679 3819 766 3921 umque
779 3821 1090 3926 affummnpetmpicamm
1102 3842 1182 3941 prse-

128 3938 199 3996 sidio
213 3949 361 3994 carentem.
396 3938 441 3993 Sic
456 3937 571 4015 solitudo
591 3932 625 3989 da
640 3886 754 4015 ligeris,
770 3936 932 4008 parentibus
948 3936 1064 4006 orbatis,
1079 3934 1182 4011 legitur

130 4005 189 4061 cto.
210 4007 293 4062 Verr.
309 4025 337 4073 ι,
351 4004 399 4072 58,
422 4000 456 4055 de
474 4000 562 4059 viduas
579 4002 688 4056 Caecum.
703 4002 728 4058 5.
749 4035 783 4058 -ψ
818 4001 1085 4074 popularitatem,
1107 3995 1182 4052 sdrtu

129 4069 165 4124 ad
182 4079 210 4125 te
227 4069 317 4138 facili,
339 4070 388 4142 qui
404 4068 489 4123 cuivis
510 4086 543 4122 ex
584 4065 670 4141 opulo
687 4065 723 4120 ad
739 4078 767 4122 te
785 4069 963 4140 permittitur.
979 4103 1014 4116 -
1051 4086 1084 4122 ao
1100 4063 1182 4142 rato·

130 4137 194 4192 καῖέ.
219 4136 333 4191 Lallem.
348 4136 449 4208 auspic.
472 4135 509 4187 od
527 4085 646 4187 aragona!
661 4147 744 4191 tuam.
761 4168 793 4181 -
831 4148 898 4200 tuo;
919 4147 977 4189 toto
993 4136 1099 4203 denique
1116 4123 1181 4204 [tn]
