3009 5067
528 317 590 379 ΗΒ.
611 317 631 378 Ι.
671 318 723 379 lii:
743 317 764 378 l.
1127 311 1179 380 23

120 502 315 589 cuiusquam
336 499 547 588 praeceptis,
574 496 638 565 sed
665 498 766 565 etiam
786 515 911 587 magna
930 500 994 568 iam
1016 517 1061 568 ex
1080 505 1178 587 parte

120 600 323 699 perfecistii
373 608 453 673 Non
480 606 569 672 enim
594 604 762 673 desistunt
787 606 885 672 nobis
904 625 1012 695 agere
1030 608 1178 697 quotidie

119 718 254 807 gratias
269 713 529 781 honestissimae
545 716 580 777 et
597 710 761 777 maximae
776 712 978 779 societatesz
999 715 1087 800 quod
1101 715 1177 801 qni·

121 824 200 911 dem
232 815 313 888 milri
341 817 467 884 idcirco
498 815 672 885 iucundius
703 824 779 905 est,
815 819 903 906 quod
935 818 1024 888 idem
1054 819 1178 886 indunt

11 935 12 938 ’
122 929 257 998 (dracoi.
306 924 452 992 Difficile
472 928 526 1017 est
546 926 673 1009 autem,
694 942 760 1013 ea,
774 944 867 1013 quae
888 925 1090 1014 commodis,
1110 930 1178 996 uti·

121 1036 220 1104 litate
241 1036 277 1101 et
296 1049 400 1119 prope
419 1033 540 1098 natura
559 1030 698 1099 diversa
717 1024 816 1119 sunl,
838 1032 1016 1100 volontate
1036 1033 1178 1100 eonion-

86 1196 88 1201 .
124 1159 224 1230 gere.
273 1141 322 1207 At
348 1156 390 1205 eo
417 1136 569 1226 quidem,
600 1155 684 1224 quae
704 1157 808 1224 supra
833 1125 1082 1227 scripta-sont,
1112 1156 1180 1205 nou

124 1251 163 1313 nt
182 1253 216 1315 te
233 1245 464 1329 instituerem,
484 1244 606 1330 scripsi
625 1279 668 1295 -··
687 1262 797 1331 neque
817 1244 904 1311 cuim
925 1244 1102 1332 prudentie
1122 1247 1181 1312 tua

123 1352 316 1439 cuiusquam
335 1356 519 1438 praecepta
538 1350 710 1420 desiderat
728 1389 771 1405 -
791 1351 853 1419 sed
874 1370 927 1419 me
946 1353 983 1417 in
1001 1348 1179 1418 scnlueudo

122 1457 391 1527 commemoratio
417 1462 497 1525 tuae
522 1460 657 1526 virtutis
685 1458 890 1527 delectavit:
923 1476 1117 1546 quamquam
1145 1457 1179 1522 in
1215 1449 1217 1458 ’

90 1648 91 1651 ¹
119 1563 176 1631 his
195 1563 305 1633 literis
325 1563 461 1655 longior
480 1564 550 1655 ini,
580 1583 678 1653 quam
705 1569 765 1633 aut
784 1563 908 1634 vellem
929 1568 988 1632 ant
1008 1582 1106 1651 quam
1126 1580 1179 1629 me

119 1672 238 1757 potavi
257 1669 342 1738 iore.

151 1821 152 1824 π
203 1775 314 1845 Unum
333 1780 407 1867 est,
430 1778 517 1868 quod
538 1779 598 1848 tibi
618 1799 690 1871 ego
708 1781 906 1869 praecipere
923 1796 991 1847 non
1010 1776 1180 1864 desim,
1200 1774 1301 1845 xill.
1318 1775 1376 1847 ot.

121 1899 232 1970 neque
250 1887 288 1949 te
307 1885 419 1970 potiar
438 1921 479 1937 -
500 1890 658 1972 quantum
680 1889 744 1956 erit
764 1889 800 1954 iu
820 1905 874 1954 me
896 1923 936 1938 -·
955 1906 1029 1953 com
1050 1903 1180 1971 excep·
1208 1873 1210 1880 ’

123 1989 215 2057 tione
233 1989 375 2057 laudari.
418 1989 544 2060 Omnes
565 1996 671 2077 enim,
691 1996 747 2081 poi
769 1996 869 2062 istinc
889 1994 1047 2080 veniunt,
1067 1992 1117 2057 ita
1138 1989 1181 2057 dc

11 2137 13 2142 a
121 2101 180 2164 tua
199 2096 345 2183 virtute,
364 2097 583 2186 integritate,
611 2100 816 2167 humanitate
837 2103 1115 2184 commemorant,
1145 2100 1182 2162 ot

121 2201 159 2270 in
189 2201 258 2265 tois
288 2202 426 2266 sommia
453 2200 606 2270 laudibus
637 2205 806 2289 excipiant
838 2223 935 2270 onam
966 2203 1180 2269 iracundiam.
1221 2209 1223 2213 “

124 2304 223 2389 Quod
250 2305 365 2372 vitium
394 2325 490 2393 quum
516 2307 552 2372 in
578 2306 642 2374 hac
668 2311 815 2396 privata
831 2307 1089 2395 quotidianoque
1109 2308 1183 2373 vita

11 2457 13 2464 ,
122 2411 213 2480 levis
233 2429 318 2478 ease
333 2412 433 2478 animi
453 2416 553 2500 atque
567 2415 694 2482 infirmi
723 2414 878 2503 uidetur,
908 2418 976 2480 tum
996 2431 1080 2480 vero
1102 2410 1183 2478 nihil

123 2521 187 2585 est*
200 2521 269 2584 tam
298 2516 467 2604 delarue,
498 2539 595 2607 qnam
621 2522 666 2588 ad
692 2541 855 2589 summum
881 2521 1053 2609 imperium
1082 2519 1182 2587 etiam
1305 2521 1307 2529 ’

123 2624 344 2692 acerbitatem
363 2628 506 2695 naturae
526 2626 725 2717 adiungere.
776 2627 889 2711 Quare
908 2624 992 2694 illud
1011 2643 1079 2691 noo
1101 2642 1182 2690 eos-

122 2730 262 2819 cipiam,
285 2734 341 2819 ut,
363 2750 446 2818 quoe
468 2732 510 2798 de
530 2733 705 2801 iracundia
725 2731 791 2799 dici
811 2731 925 2821 solent
943 2748 963 2794 a
980 2728 1183 2797 doctissimis

121 2837 329 2923 hominibus,
350 2855 393 2906 ea
411 2857 501 2908 nnnc
521 2838 582 2906 tibi
603 2858 788 2927 exponam,
811 2856 908 2924 quom
929 2839 966 2902 et
985 2835 1083 2903 nimis
1102 2833 1183 2902 lon·

123 2962 192 3031 gua
213 2962 294 3011 esse
313 2945 434 3031 nolim,
456 2951 493 3015 et
514 2963 559 3012 ex
576 2945 751 3012 multorum
768 2942 905 3030 seriptis
923 2957 965 3008 ea
980 2940 1083 3008 facile
1098 2959 1182 3027 pos·

93 3059 95 3065 “
122 3049 173 3117 sis
193 3067 424 3135 cognoscerer
445 3050 545 3139 iliud,
567 3050 657 3139 quod
677 3055 732 3118 est
751 3048 919 3137 epistolae
936 3048 1125 3134 proprium,
1145 3048 1183 3120 ut

11 3221 13 3224 ’
124 3209 234 3264 Gracci.
250 3216 274 3278 §-
289 3228 337 3293 πῃ.
357 3222 384 3267 et
399 3213 505 3297 (μὴ.
523 3212 558 3294 de
572 3227 627 3288 pot
642 3218 724 3297 Qoue.
762 3216 822 3297 ,36
840 3248 873 3265 -
905 3218 1043 3272 societater
1060 3210 1185 3284 publiea·
1312 3205 1317 3214 “

121 3288 516 3424 eonsuecnetn
532 3278 669 3415 een:
685 3233 1050 3403 verterentur
1066 3279 1112 3395 n·
1129 3292 1184 3398 n

11 3429 15 3444 ⁵
122 3407 224 3463 mirum
240 3408 405 3481 pubheanoa
419 3421 448 3466 et
465 3409 564 3464 socios.
578 3443 612 3461 -.
644 3425 763 3476 notura,
783 3413 908 3488 ingenuo,
923 3413 1031 3479 indole,
1048 3408 1182 3466 moribus.

11 3471 13 3538 l
121 3504 157 3524 ·-
173 3475 312 3529 uoluntate
328 3500 361 3525 =
377 3475 586 3544 benevolentia,
602 3492 704 3532 amore.

190 3558 265 3613 mi
281 3564 306 3628 s.
322 3557 364 3680 ὃζ.
395 3561 435 3611 ito
453 3601 499 3615 ...
518 3570 721 3627 commemorant
743 3584 776 3608 =
800 3557 838 3613 ile
858 3558 987 3614 leudibus
1004 3557 1134 3612 efferunt.
1151 3590 1182 3602 -

11 3605 13 3742 μ
124 3623 203 3701 Ques
221 3625 320 3679 Cicero
360 3641 393 3677 ac
413 3632 430 3695 ς
447 3634 475 3679 et
489 3641 531 3698 aq.
548 3622 583 3678 de
607 3624 746 3693 a'raoaadrfa
764 3623 842 3692 dicit,
868 3627 1006 3679 verissimo
1023 3640 1088 3677 eene
1104 3633 1132 3678 et
1150 3639 1184 3677 er

11 3745 12 3748 ,
123 3700 224 3745 natura
241 3690 322 3745 enimi
339 3690 450 3746 humaui
467 3688 633 3746 ductarent.
665 3688 1074 3763 ctdaoff.1,ap§.1oa.-
1108 3690 1184 3751 leoni,

11 3783 13 3826 p
122 3754 331 3826 inconsiderati3
357 3759 468 3826 insterni,
490 3756 540 3829 qui
565 3754 608 3810 aui
635 3772 692 3810 nou
713 3772 828 3827 compos
843 3755 894 3824 ait,
924 3755 974 3827 qui
989 3772 1019 3808 ee
1037 3770 1135 3830 regere
1155 3764 1184 3809 et
1231 3820 1235 3827 θ

11 3859 13 3870 ,
124 3821 265 3875 continere
281 3825 393 3878 nesciet.
414 3854 448 3865 -
486 3824 656 3876 carrinatem
678 3834 793 3875 cataroe
814 3822 832 3877 i.
852 3839 877 3879 e.
899 3820 1079 3878 iracundiam,
1098 3855 1131 3867 -·
1165 3838 1184 3871 a

11 3901 13 3948 ᾗ
124 3886 232 3942 marea.
252 3889 320 3950 lom,
341 3910 367 3945 v.
383 3892 410 3941 e.
432 3887 468 3942 ab
487 3888 638 3943 Aristotele
657 3886 813 3954 incilicia,
842 3889 958 3943 Platone
972 3887 1005 3942 'iu
1022 3888 1138 3943 Philebo
1155 3895 1184 3938 et

11 3957 12 3998 ἓ
123 3949 233 4019 Lide
248 3970 308 4026 rep.
325 3989 358 4001 -
397 3955 466 4008 iliad
486 3974 510 4026 q.
527 3967 567 4007 eac
587 3974 626 4025 ep.
638 3970 684 4024 pr.
717 3953 856 4008 Deleront
873 3971 956 4027 pron.
975 3956 1044 4008 illac
1061 3955 1129 4009 Ern.
1155 3962 1185 4004 ct

11 4053 12 4056 =
123 4016 231 4095 Sclriitn
312 4019 337 4074 ia
356 4036 389 4075 ea
407 4021 443 4077 ait
464 4031 601 4093 perpetua
621 4019 711 4076 forme
733 4018 883 4093 elegantiae
906 4020 1120 4079 Ciceronianae.
1150 4025 1183 4070 ¹¹⁸

11 4071 16 4194 r
123 4083 193 4137 illaad
206 4055 251 4138 vei
267 4086 279 4135 i
309 4087 337 4142 in
352 4102 406 4141 une
418 4096 498 4160 porte
511 4084 629 4167 periodi,
642 4084 739 4167 deindo
751 4088 823 4167 quod
836 4086 864 4141 iu
878 4089 967 4143 altere
980 4094 1072 4158 ponet¹
1089 4080 1180 4151 Meie3

11 4197 13 4218 ,
123 4166 211 4226 qaum
223 4150 274 4207 bec
283 4167 359 4225 uoce,
372 4170 444 4227 qaae
456 4164 584 4228 emuntur
598 4162 743 4223 aennuor,
753 4154 856 4210 clareas
867 4153 1023 4227 fortiusque
1036 4150 1170 4204 ederetur

11 4263 18 4496 l
