3009 5067
235 347 237 350 ¹
318 267 362 338 12
462 271 498 333 lt.
518 271 549 331 t.
571 269 755 335 ClCERONIS
775 270 927 334 EPISTOL.
948 273 997 332 AD
1018 272 1049 344 O.
1070 272 1236 333 FRATREM

206 502 209 509 -
318 476 410 526 mus:
439 475 502 545 quo
532 456 575 523 de
602 474 733 545 genere
754 456 857 523 multe
876 454 1205 543 praecipi‘possunt,
1232 456 1295 524 sed
1318 458 1390 524 hoc
1480 437 1481 446 ἵ

317 567 354 632 et
372 563 605 634 brevissimum
626 568 681 629 est
701 567 738 630 et
758 560 917 631 facillime
937 565 1046 631 teneri
1059 567 1190 650 potest,
1211 565 1320 649 utita
1340 582 1388 631 se
1472 641 1476 648 ,

317 673 444 759 gerant
463 668 498 735 in
518 670 596 736 istis
615 670 779 737 Asiaticis
799 670 993 758 itineribuS,
1015 674 1052 737 ut
1067 672 1097 736 si
1112 672 1177 737 iter
1192 672 1302 757 Appia
1323 674 1388 739 via
1480 675 1481 750 s

318 775 472 842 faceresz
493 791 582 841 neve
602 774 770 840 interesse
790 775 966 862 quidquam
987 782 1123 863 putent,
1144 781 1253 845 utrum
1274 779 1384 845 Tral—
1480 757 1481 802 ¹

318 879 362 947 lis
388 897 433 947 an
461 879 615 947 Formias
638 882 803 948 venerint
856 882 910 947 Ac
941 883 972 946 si
1000 883 1075 968 quis
1108 890 1163 950 est
1193 903 1239 951 ex
1267 887 1388 951 servis
1480 945 1481 958 .

318 988 464 1075 egregie
492 987 626 1074 tidelis,
658 988 705 1053 sit
730 988 766 1054 in
796 985 988 1053 domesticis
1020 985 1122 1051 rebus
1155 992 1190 1053 et
1217 990 1386 1075 privatis:

318 1110 480 1179 quaeres
500 1092 544 1159 ad
565 1076 709 1160 cilicium
729 1093 857 1179 imperii
879 1092 928 1160 tui
948 1095 1048 1178 atque
1069 1090 1114 1156 ad
1134 1091 1277 1177 aliquam
1297 1114 1384 1180 par·
1480 1091 1481 1094 ’

318 1204 385 1267 tem
405 1200 456 1265 rei
477 1198 631 1286 publicae
650 1199 883 1287 pertinebunt,
911 1196 954 1263 de
973 1198 1015 1264 iis
1036 1196 1138 1263 rebus
1158 1215 1203 1263 ne
1224 1200 1300 1284 quid
1322 1205 1383 1266 at-

317 1296 449 1391 tingat-⁵
483 1302 591 1386 Multa
611 1306 716 1389 enim,
736 1322 820 1391 quae
840 1308 935 1371 reete
955 1304 1111 1372 committi
1131 1304 1243 1369 servis
1264 1302 1381 1368 tideli-

317 1410 380 1475 bus
401 1416 560 1497 possunt,
581 1414 693 1476 tamen
711 1411 877 1477 sermonis
893 1414 929 1478 et
943 1410 1199 1496 vituperationis
1209 1407 1381 1486 3vitandae

225 1520 282 1591 18.
320 1534 422 1592 causa
437 1516 672 1584 committenda
687 1536 756 1586 non
771 1522 860 1583 sunt.
902 1516 974 1585 Sed
994 1518 1110 1582 nescio
1132 1535 1197 1601 quo
1217 1518 1316 1601 pacto
1334 1512 1382 1578 ad

315 1622 542 1710 praecipiendi
561 1624 725 1691 rationem
747 1623 887 1710 delapsa
908 1624 1202 1707 saturationes,
1224 1641 1321 1707 quum
1342 1618 1380 1685 id

315 1731 396 1800 mihi
415 1732 622 1818 propositum
641 1732 735 1798 initio
756 1751 823 1798 non
840 1733 973 1799 finisset.
1017 1731 1104 1815 Quid
1121 1732 1208 1799 enim
1225 1730 1257 1794 ei
1274 1745 1380 1814 prae-

303 1833 455 1924 cipiam,
478 1853 573 1928 quem
594 1853 663 1923 ego
685 1836 721 1906 in
741 1836 806 1901 hoc
825 1836 1025 1923 praesertim
1042 1854 1172 1923 genere
1188 1832 1379 1920 intelligam

316 1930 1414 2032 wmmmmmmwwm'

288 2051 296 2061 ”
317 2050 417 2129 etiam
430 2040 667 2137 superiorem?
709 2047 781 2117 Sed
798 2054 910 2116 tamen
930 2050 961 2115 si
981 2048 1026 2117 ad
1047 2067 1107 2134 ea,
1129 2068 1215 2136 quae
1233 2048 1392 2132 faceres,v

316 2159 502 2228 auotoritas
522 2156 703 2226 accederet
722 2175 819 2246 mea,
841 2159 902 2224 tihi
921 2158 997 2245 ipsa
1016 2157 1076 2238 illa
1097 2156 1212 2242 putavi
1232 2155 1304 2223 fore
1325 2139 1379 2219 iu·
1405 2155 1408 2156 ’

256 2319 261 2329 .
316 2263 487 2333 condiora.
531 2263 644 2348 Quare
665 2266 733 2331 sint
754 2265 840 2333 haec
854 2264 1070 2331 fundamenta
1086 2261 1263 2347 dignitatis
1283 2264 1379 2344 tuae:

227 2405 231 2414 ⁴
316 2375 375 2438 tua
395 2375 534 2458 primum
553 2372 735 2456 integritas
757 2376 793 2434 et
813 2368 1042 2452 continentia3
1077 2364 1199 2428 deinde
1220 2362 1380 2435 omniurn,

317 2478 373 2563 qui
394 2480 505 2542 tecum
522 2477 621 2558 sunt,
652 2473 780 2560 pudor3
808 2470 960 2537 delectus
987 2469 1022 2540 in
1043 2466 1322 2531 familiaritatibus
1343 2471 1380 2532 et
1480 2473 1481 2498 .

315 2578 569 2670 provincialium
589 2577 757 2642 hominum
778 2582 813 2642 et
834 2574 1038 2641 Graecorum
1059 2575 1239 2657 percautus
1266 2576 1302 2636 et
1322 2571 1376 2637 di-

224 2689 279 2762 19.
318 2687 454 2773 ligens5
484 2681 631 2747 familiae
657 2682 778 2769 gravis
807 2685 842 2748 et
864 2684 1025 2747 constans
1047 2678 1234 2764 disciplina.
1285 2678 1377 2761 Quae

318 2809 415 2879 quum
435 2790 583 2870 nonesto,
598 2788 667 2855 sint
686 2789 721 2854 in
741 2788 795 2853 his
810 2789 953 2873 privatis
970 2788 1097 2858 nostris
1113 2784 1378 2879 quotidianisque
1473 2787 1476 2796 '

317 2896 521 2982 rationibus,
552 2896 587 2962 in
616 2899 709 2965 tanto
730 2896 887 2984 irnperio,
915 2901 982 2962 tarn
1003 2894 1195 2981 depravatis
1214 2893 1376 2981 moribus,

318 3079 386 3134 maire
403 3076 504 3129 nullom
522 3081 621 3147 scorpio
644 3082 894 3142 excusationem-
931 3079 1096 3146 Appianis,
1119 3076 1147 3128 in
1165 3092 1236 3146 que,
1259 3075 1375 3127 omnium
1480 3085 1481 3140 ᾗ

317 3142 555 3216 frequentissima,
571 3146 640 3198 etin
656 3146 754 3198 civium
770 3144 956 3196 Romanorum
969 3152 1128 3212 conspectu,
1145 3142 1217 3195 servi
1231 3159 1286 3193 non
1299 3140 1375 3193 facile

319 3228 378 3266 sese
395 3209 537 3264 efferrent.
554 3244 587 3255 -
609 3210 728 3278 soceros.
763 3210 872 3263 Ernesti
887 3209 1114 3277 malebntfam'or.
1140 3208 1196 3262 Sed
1210 3225 1307 3262 sensus
1322 3217 1374 3260 est:
1480 3247 1481 3252 ,

319 3276 451 3332 eomodo
468 3293 497 3331 se
529 3286 623 3344 erant,
640 3293 697 3347 quo
715 3292 743 3329 se
762 3286 907 3346 gererent,
929 3276 951 3329 si
967 3277 1019 3329 iter
1034 3318 1041 3330 .
1055 3320 1061 3331 .
1076 3317 1083 3329 .
1100 3275 1189 3330 facies.
1225 3277 1259 3326 V.
1279 3276 1375 3343 Zumpt

319 3345 374 3465 ἑὸ
391 3347 407 3411 i
431 3376 462 3386 -
534 3337 613 3405 tuo,
631 3342 728 3395 urbem
745 3343 843 3396 Cariae
858 3341 886 3395 in
901 3342 965 3396 Asia
980 3341 1092 3407 minori,
1116 3340 1195 3395 hodic
1209 3339 1374 3405 Eslihissar3

342 3412 459 3472 ormino,
476 3407 609 3481 oppidum
623 3408 710 3477 Latii,
728 3406 933 3480 uhi'prsediuut
950 3408 1089 3463 Ciceronis
1104 3419 1172 3461 eret.
1185 3440 1218 3451 -
1250 3407 1374 3464 uenerint,

319 3492 376 3529 non
390 3478 529 3538 uenissent,
546 3484 609 3546 post
624 3490 714 3546 praes.
728 3475 865 3529 coniunct.
886 3494 912 3529 v.
928 3476 1030 3546 Zumpt
1051 3472 1074 3541 §.
1091 3474 1148 3528 dra.
1165 3505 1199 3515 -
1231 3478 1278 3528 Ac.
1295 3471 1374 3541 Vulg.

321 3552 360 3594 ut.
393 3543 429 3595 V.
447 3541 538 3596 adnot.
555 3557 643 3595 meum
659 3538 693 3594 ad
712 3542 745 3617 Q.
763 3541 818 3595 Cio.
837 3544 870 3593 de
887 3542 1053 3613 petitcons.
1073 3544 1097 3609 §.
1113 3544 1202 3611 [pq-
1235 3539 1373 3596 sarmatas,
1406 3597 1422 3608 .

319 3607 422 3671 famae,
438 3605 591 3661 Nachrede.
609 3638 643 3651 -
675 3609 801 3663 commoto.
816 3625 869 3658 non
881 3619 952 3661 sunt.
980 3604 1062 3684 Quod
1077 3616 1168 3659 tamen
1180 3613 1260 3659 antea
1274 3603 1375 3658 fecerat

322 3671 449 3752 Quintus.
483 3672 526 3728 Cf.
543 3691 589 3745 ep.
607 3675 637 3729 16
652 3683 679 3744 et
693 3672 725 3727 ad
739 3672 795 3725 bui.
810 3672 874 3726 libr.
1138 3679 1140 3684 ’

375 3760 415 3824 Ι5.
435 3752 474 3809 ι8.
509 3775 551 3811 vv.
574 3774 653 3828 quam
670 3773 710 3808 me
732 3755 840 3809 Ernest.
861 3764 988 3825 suspecta
1009 3751 1105 3808 hahuit
1112 3773 1121 3821 3
1147 3748 1196 3805 sed
1226 3767 1251 3802 v.
1270 3750 1373 3817 Zumpt.

339 3820 416 3888 ‚484
430 3851 464 3865 -
496 3824 662 3884 auctoritas,
676 3831 818 3885 assensus,
833 3820 971 3891 probatio.
988 3849 1022 3862 -
1040 3824 1098 3887 ipsc
1110 3819 1158 3871 illo
1173 3833 1206 3874 tx
1220 3815 1373 3869 coniectura

346 3883 412 3940 rsiui
426 3881 500 3937 dedit
513 3885 623 3941 Schiitu.
636 3904 690 3960 pro
709 3887 781 4004 vul&
801 3889 853 3956 ipsi
867 3888 922 3939 itta.
938 3918 972 3930 -
1009 3888 1107 3954 pudor,
1124 3880 1270 3949 modestia,
1286 3879 1373 3951 probi·

320 3962 379 4019 tas,
396 3950 524 4007 honestas
540 3983 573 3996 -
597 3952 742 4020 familiae,
779 3951 1198 4019 medicorum,ministrorum.

386 4042 412 4104 s.
431 4051 470 4106 ¹9·
505 4034 532 4084 iu
551 4044 627 4085 tauto
648 4037 774 4105 imperio,
796 4035 825 4086 in
843 4042 920 4087 tanto
937 4048 1052 4087 munero
1068 4028 1245 4102 prouinciali,
1268 4029 1296 4083 in
1315 4043 1371 4097 pro-

320 4098 406 4155 vincia
419 4099 500 4170 Asia,
516 4098 561 4154 cui
578 4109 654 4155 tanta
666 4118 729 4156 cum
744 4108 881 4171 potestate
896 4116 1002 4170 praees.
1014 4127 1046 4141 -
1070 4098 1252 4166 comperce,
1268 4093 1303 4151 ed
1317 4108 1372 4147 cot·
