3009 5067
320 231 391 301 154
473 237 508 298 ll.
522 237 552 297 t.
571 235 753 298 CICERONIS
770 234 922 299 aristot.
939 232 988 299 Ao
1007 239 1039 310 Q.
1055 239 1222 304 FRATREM

319 436 395 485 men
416 418 492 485 siue
511 418 669 505 periculo.
712 416 791 486 (ldii
810 416 895 484 nihil
921 416 1033 503 habet,
1084 420 1260 489 Hortensii
1287 425 1381 492 calor

320 524 456 591 multum
475 524 613 591 valebit.
664 521 797 590 Gabinii
818 523 984 591 absolutio
1007 525 1063 591 lex
1083 528 1290 614 impunitatis
1311 550 1380 618 pn-

228 624 234 630 ’
320 635 421 697 tatur.
469 634 522 693 Ἐν
544 635 713 714 παρέργῳ·
740 631 784 698 de
811 631 976 697 dictatore
1002 635 1115 699 tamen
1142 640 1250 702 actum
1270 637 1382 705 adhuc

319 737 402 802 nihil
421 739 486 803 est.
527 736 708 826 Pompeius
727 736 846 806 abest:
867 739 997 827 Appius
1017 741 1157 827 miscet:
1177 736 1299 810 Hirrus
1315 763 1383 831 pa-

319 849 392 912 rat:
420 843 515 910 multi
534 845 779 912 intercessores
800 850 1034 913 numerantur:
1064 847 1207 935 populus
1227 867 1297 916 non
1317 869 1382 918 eu-

244 950 281 1018 4.
321 957 396 1041 rot3
417 951 584 1039 principes
597 949 731 1017 nolunt:
751 966 817 1040 ego
831 953 976 1038 miesco.
1017 953 1071 1022 lle
1083 957 1277 1044 mancipiis,
1291 954 1383 1045 quod

321 1060 401 1126 mihi
427 1057 616 1146 polliceris,
647 1056 747 1124 valde
775 1063 811 1123 te
838 1070 935 1122 anto:
968 1064 1003 1124 et
1030 1072 1104 1124 suni
1130 1060 1302 1148 equidem,
1333 1062 1383 1130 nti

321 1164 461 1253 scribis,
483 1168 518 1229 et
537 1156 666 1229 nomm
681 1166 716 1229 et
732 1163 767 1227 in
784 1162 932 1248 praediis
946 1164 1152 1251 infrequens.
1195 1165 1268 1235 Sed
1282 1184 1395 1256 cave,-

322 1271 457 1358 amabo,
478 1269 670 1357 quidquam,
693 1260 782 1355 quod
802 1268 847 1335 ad
866 1284 973 1336 meum
995 1271 1198 1339 commodum
1218 1275 1382 1361 attineat,

203 1441 208 1452 .
321 1380 388 1447 nisi
408 1364 550 1443 munuc
570 1378 628 1442 tuo
648 1374 819 1444 commodo
842 1378 878 1441 et
898 1374 1042 1442 maxima
1062 1381 1119 1443 tua
1138 1376 1315 1464 facultate,
1336 1381 1382 1448 mi
1412 1388 1414 1391 ’

323 1622 373 1662 rus
388 1615 416 1660 et
427 1603 601 1677 magistratus
617 1602 741 1656 accusari
758 1613 886 1674 nequeat.
921 1600 1004 1680 Quod
1021 1616 1086 1657 vere
1104 1602 1217 1672 accidit,
1234 1604 1296 1657 dam
1312 1606 1384 1661 Mes·

323 1674 380 1728 sala
395 1682 458 1744 post
472 1671 555 1742 plura
567 1669 724 1741 interregna
736 1685 831 1723 meuse
844 1666 976 1747 quinctili
991 1685 1014 1723 a.
1030 1688 1058 1726 u.
1069 1687 1115 1739 7or
1131 1670 1242 1724 tandem
1251 1684 1313 1723 eum
1328 1674 1385 1725 Do·

323 1737 399 1793 mitio
412 1736 526 1791 consule
541 1745 650 1804 creato,
663 1733 791 1788 iudicium
805 1733 839 1787 de
853 1752 886 1790 eo
901 1734 1004 1789 facturn
1017 1752 1074 1789 non
1089 1744 1146 1805 est;
1163 1746 1277 1808 peracto
1292 1747 1385 1791 autem

326 1804 470 1859 consulatu
491 1819 516 1858 a.
534 1819 560 1856 u.
575 1816 624 1871 7⁰²
646 1800 690 1853 bis
710 1797 745 1853 de
766 1799 871 1854 ambitu
894 1810 1038 1854 accusatus
1059 1812 1115 1867 est,
1139 1811 1168 1854 et
1184 1803 1275 1872 primo
1292 1801 1386 1856 osteo-

325 1871 408 1925 deute
418 1867 567 1922 Hortensio
583 1865 744 1933 absolutus,
758 1862 855 1919 deinde
867 1866 928 1936 lege
942 1866 1044 1919 Licinia
1059 1864 1263 1935 condemnatus.
1298 1870 1336 1922 V.
1348 1866 1386 1921 sd

325 1937 413 1993 Atto
445 1931 868 2000 ra,a.addiv.8,s,1;d,1.
903 1932 946 1987 Cf.
959 1932 1385 2002 Henr.Guil.Tydemannidis·

326 2013 393 2057 sert.
409 1972 443 2053 (ie
457 1999 543 2053 rebus
558 1995 682 2050 iudicatis
695 2013 752 2050 nou
766 1995 960 2053 rescindendis.
987 1998 1074 2081 liugn.
1087 2001 1147 2051 ilar.
1167 2014 1197 2063 ¹7
1232 2034 1238 2049 .
1252 2015 1276 2050 c.
1289 1999 1338 2053 xl.
1349 2032 1385 2045 ..

328 2070 414 2188 :lm
430 2065 586 2183 dietffierem
593 2099 605 2125 ,
621 2064 658 2182 soi,
675 2062 775 2182 hssiitgs
785 2062 1099 2184 :uffmaerueaizomlifis'
1115 2064 1388 2185 mimomffimis’

412 2148 446 2185 or
543 2147 748 2183 mrsum
922 2147 934 2183 s
1009 2146 1103 2185 reare
1169 2146 1356 2185 mauman

328 2199 431 2252 factum
449 2145 660 2251 iffdiciumfuire
673 2196 847 2249 cumulatum
855 2146 966 2262 fiumen
987 2197 1042 2248 sins
1057 2146 1176 2265 periopoolc
1183 2232 1195 2259 ,
1218 2206 1308 2249 tamen
1326 2210 1386 2251 nou

329 2263 427 2331 dubito
443 2261 510 2334 quia
525 2260 704 2328 absolvatur3
727 2277 791 2313 uam
812 2262 867 2313 odii
878 2262 945 2312 ninii
958 2261 1049 2325 ludet,
1074 2261 1173 2314 nemini
1191 2278 1253 2314 euru
1268 2262 1384 2315 invisum

330 2346 388 2385 esse
402 2326 490 2382 video.
504 2357 541 2379 --⁴
570 2327 725 2389 Horterm'r',
741 2326 838 2381 fratris
858 2327 916 2380 sius
937 2328 1052 2394 uterini,
1074 2325 1150 2398 qnod
1169 2344 1202 2380 er
1219 2329 1291 2381 Plut
1305 2329 1386 2382 Sulla

329 2404 368 2463 (c.
381 2396 428 2464 35)
449 2391 543 2448 eouiici
563 2391 628 2447 dicit
647 2395 754 2451 Manut,
787 2399 824 2446 At
845 2409 912 2447 reto
927 2393 1079 2446 secuudum
1098 2394 1247 2462 Val.‚Msx.
1264 2398 1297 2461 5,
1311 2413 1343 2467 9,
1359 2408 1385 2449 a.

271 2472 274 2475 “
329 2459 469 2516 Hortensii
483 2459 587 2512 sororis
603 2457 676 2512 filius
693 2459 812 2513 Messala
828 2460 888 2512 suit
905 2491 935 2504 -
971 2461 1057 2523 calor,
1075 2458 1217 2512 contentio
1236 2477 1289 2530 pro
1308 2459 1387 2513 abso·

330 2526 444 2592 latione,
459 2525 572 2577 maltum
586 2524 693 2586 caudit,
707 2524 811 2579 iurabit
820 2525 975 2592 Messalam,
992 2541 1076 2597 quem
1092 2524 1127 2577 ab
1135 2526 1284 2578 Hortensio
1298 2525 1389 2578 delen·

331 2609 408 2660 sum,
432 2600 460 2644 et
474 2590 632 2643 absolutum
647 2589 708 2642 vide
723 2588 758 2643 e'1
771 2606 816 2660 ep.
830 2591 905 2644 Cael.
918 2590 953 2643 ad
966 2589 1020 2645 div.
1038 2590 1071 2658 8,
1085 2607 1116 2656 a,
1130 2608 1152 2643 ι.
1178 2590 1234 2645 Cic.
1249 2594 1328 2644 Brut.
1344 2590 1388 2661 96.

330 2690 363 2705 ..
380 2659 422 2710 ter
439 2656 603 2724 impunitatis
616 2666 743 2724 putatur,
760 2658 915 2728 exemplum
950 2656 1048 2710 raebct
1063 2656 1117 2709 reis
1132 2672 1163 2710 se
1178 2672 1260 2727 posse
1278 2657 1392 2727 impune

331 2733 429 2778 contra
443 2722 518 2802 leges
532 2736 660 2792 peccare.
694 2723 802 2779 Manat.
814 2731 916 2788 monet,
929 2673 970 2775 Eis
986 2721 1078 2776 verbis
1092 2732 1233 2775 nocentem
1240 2722 1391 2775 Messalam

331 2788 493 2862 significem
508 2786 573 2841 satis
590 2786 661 2840 enim
678 2790 821 2855 constabat
837 2798 864 2842 ct
878 2788 967 2860 ipsum
986 2797 1014 2840 et
1028 2789 1151 2858 reliquos
1168 2787 1323 2847 candidatos
1341 2803 1392 2858 pe·

331 2854 439 2909 cuniam
453 2863 550 2906 contra
563 2854 639 2927 leges
651 2855 759 2925 populo
773 2853 888 2908 dedisse.
906 2885 939 2898 -
971 2855 1014 2906 Ἐν
1031 2860 1149 2926 παρέργῳ
1164 2878 1197 2901 =
1211 2852 1311 2918 obiter,
1324 2850 1391 2905 bro·

332 2921 417 2988 riter,
433 2919 552 2973 velutin
566 2936 653 2974 eursu
667 2921 703 2974 sit
719 2919 830 2974 dicisum.
851 2953 885 2965 -
919 2932 1023 2981 tomen,
1040 2920 1161 2991 quamvis
1182 2928 1273 2971 actum
1292 2916 1326 2969 iri
1342 2935 1391 2971 ru·

331 3003 394 3041 tuor
413 2983 504 3039 inerit.
526 3016 560 3027 -
593 2985 665 3037 adest
689 2985 723 3038 ab
746 2985 819 3038 urbs
844 2990 886 3040 rei
903 2985 1099 3039 frumentariae
1117 3000 1206 3038 caasa.
1241 2982 1294 3036 llio
1311 2984 1391 3038 Cass.

332 3055 353 3109 l.
366 3055 400 3124 39
414 3060 483 3104 extr.
492 3069 502 3118 ς
525 3061 573 3105 aut
593 3052 659 3123 quia
675 3068 738 3103 cum
755 3050 888 3122 imperio,
904 3051 1011 3115 iturus,
1029 3063 1059 3106 ut
1075 3050 1234 3112 videbatur,
1251 3048 1279 3102 iu
1295 3050 1393 3120 Hispa·

332 3119 400 3172 nias.
420 3119 457 3173 V.
474 3133 560 3188 supra
575 3116 603 3172 h.
618 3117 638 3173 l.
652 3132 695 3187 ep.
709 3119 734 3182 4.
746 3113 770 3181 §.
785 3133 860 3171 u.,-
894 3120 983 3172 miscet
999 3118 1018 3170 i.
1032 3134 1055 3170 c,
1075 3116 1186 3171 turbide
1199 3115 1269 3187 agit,
1286 3114 1390 3169 turbat

333 3185 371 3242 V,
392 3199 438 3255 ep.
456 3199 481 3239 a.
498 3189 522 3250 §.
537 3186 571 3251 ὃς
596 3180 629 3234 ad
643 3184 699 3235 Att.
714 3190 747 3248 s,
765 3181 809 3248 rt'r,
825 3201 854 3236 ru
875 3194 944 3238 extr.
986 3183 1082 3237 Noluit
1101 3186 1125 3237 Δ
1148 3183 1210 3253 pius
1229 3179 1391 3234 dictatorem

333 3249 400 3331 diet,
417 3247 466 3301 sed
483 3248 589 3303 comitia
606 3247 719 3313 haberi3
743 3262 829 3319 supra
848 3264 891 3320 ep.
906 3252 931 3304 ὃ.
946 3246 969 3315 §.
986 3265 1015 3303 a:
1042 3200 1160 3300 oomnis
1178 3249 1284 3300 eonium
1303 3246 1396 3300 delmi·

327 3326 450 3384 'cupiunt
464 3344 495 3360 -.
526 3323 626 3383 porat,
642 3320 689 3381 ut,
703 3311 771 3367 inito
784 3313 928 3368 tribunatu
942 3316 996 3386 pl,
1012 3314 1102 3387 legem
1113 3314 1187 3367 ferat
1200 3312 1234 3364 de
1247 3311 1394 3366 dictatura.

334 3383 371 3437 V·
387 3396 431 3450 ep.
447 3385 582 3499 supcrff
595 3381 628 3443 dt
645 3379 744 3431 Hirrus
761 3380 928 3448 auetorfore
942 3381 1056 3436 ordietur.
1072 3411 1105 3423 --
1135 3382 1332 3440 intercessores,
1345 3376 1392 3430 tri·

333 3445 403 3498 huni
436 3445 446 3497 l
462 3485 470 3514 ,
487 3443 536 3517 qui
569 3443 627 3498 irro
635 3445 723 3517 legem
737 3443 772 3498 de
780 3445 915 3500 dictatura
928 3446 1028 3498 ferenti
1040 3443 1394 3499 intercessurividereutur.

336 3513 372 3567 V.
388 3528 403 3562 a
440 3515 463 3581 §.
477 3512 502 3565 6.
518 3528 562 3583 ep.
576 3509 703 3583 praeced.
725 3514 922 3566 intercessorem
937 3515 963 3562 si
973 3514 1077 3567 iuverit.
1093 3543 1126 3553 -
1160 3529 1212 3562 non
1229 3522 1319 3571 carot,
1336 3509 1394 3564 siue

336 3575 454 3630 dictator
470 3579 532 3644 fiat,
548 3578 605 3632 sive
621 3595 675 3629 non
692 3579 748 3632 fiat.
765 3609 799 3623 -
831 3577 981 3645 Principes,
998 3576 1159 3647 optimates,
1174 3592 1247 3648 quos
1261 3583 1284 3644 §.
1299 3578 1324 3641 4.
1346 3590 1395 3646 ep·

336 3653 424 3697 antec.
441 3644 520 3696 bonos
535 3643 691 3698 nominavit.
703 3676 737 3689 -
770 3643 865 3694 nolunt
879 3641 1041 3696 dictatorem
1054 3641 1115 3697 dici.

404 3742 431 3803 s.
453 3739 479 3802 4.
520 3738 559 3788 De
579 3739 716 3803 mancipiis
738 3734 774 3788 ad
796 3752 840 3787 me
860 3733 1012 3802 mittendis,
1039 3735 1147 3789 Gallico
1166 3742 1214 3785 aut
1236 3730 1396 3808 liritanuieo

336 3800 414 3855 bello
430 3801 525 3870 captis.
544 3836 576 3846 -
608 3803 685 3854 udde
704 3814 729 3853 ce
749 3820 810 3854 amo
832 3827 865 3850 =
885 3800 1068 3882 gratissimum
1086 3799 1151 3853 mihi
1166 3797 1273 3850 feceris.
1289 3826 1323 3839 -
1357 3800 1396 3847 in·

327 3868 458 3940 frequens
471 3891 503 3915 =
519 3885 581 3920 curn
597 3867 766 3950 paucissimis
781 3868 928 3939 mancipiis.
943 3900 976 3910 -
1009 3867 1110 3924 amado.
1138 3867 1172 3921 V.
1188 3880 1221 3916 su
1242 3878 1281 3942 ra¹
1289 3859 1324 3914 ad
1338 3862 1395 3941 lu,

338 3951 353 3986 e
375 3972 382 3986 .
398 3938 431 4001 4,
449 3950 471 3985 1.
489 3964 519 3977 ·-
537 3935 607 4010 ‘noir
625 3937 740 3986 monimo
756 3946 803 3985 tno
819 3933 952 3988 commodo
966 3945 994 3985 et
1007 3951 1077 3987 mon.
1094 3880 1254 4008 tnasaeng.
1273 3947 1291 3984 r.
1305 3942 1329 3981 e.
1343 3945 1395 3981 urst

337 3952 656 4118 ggihcomffitgttiiugugausm
669 4011 716 4117 {st
733 4000 920 4137 epttfskcualtates
936 4009 1002 4053 tuae
1014 4000 1129 4052 maxime
1144 4000 1319 4067 permittunt.
1350 3992 1398 4049 Gi.

358 4082 374 4119 e
408 4082 441 4119 oc
692 4082 736 4118 um
771 4106 778 4120 .
811 4101 818 4119 .
848 4082 889 4136 7²·
