3009 5067
496 295 557 356 ΗΒ.
579 296 596 353 l.
638 294 688 354 ΕΡ,
711 293 744 352 Ι.’
1119 290 1142 356 8

21 461 22 478 ¹
89 502 157 548 rum
177 480 335 569 consulo,
357 477 434 544 dum
454 471 679 559 impudentiae
694 473 927 540 nonnullorum
942 472 1140 560 nogotiato-

88 607 158 653 rum
183 587 329 670 resisto,
359 580 437 647 dum
463 580 614 642 noemam
635 576 779 663 gloriam
798 582 857 644 tua
877 579 1002 646 virtute
1021 576 1142 664 angeri

85 695 227 782 expeto,
254 692 323 757 feci
343 705 412 752 non
433 683 627 772 sapientem
654 683 853 769 praesertim
874 701 971 768 quum
990 683 1026 749 id
1047 702 1139 749 com-

84 801 250 884 miserim,
279 800 319 860 nt
344 791 403 856 ille
424 788 512 855 alter
531 806 639 854 annus
660 787 764 855 etiam
785 788 917 854 tertium
937 793 1056 874 posset
1076 786 1140 853 ed·

82 904 219 971 ducere.
262 894 360 979 Quod
377 894 531 982 quoniam
547 898 721 981 peccatum
738 912 847 963 meum
865 913 945 963 esse
963 894 1140 983 confiteor,
1181 892 1213 958 3.

83 1015 140 1078 cst
161 1003 349 1094 sapientiae
369 1007 470 1088 atquc
490 1001 706 1068 humanitatis
727 1006 826 1090 tnae‚
859 1018 978 1067 curare
1004 1004 1040 1065 et
1060 1019 1141 1086 per·

83 1101 209 1194 ficere,
229 1113 266 1173 nt
284 1108 347 1176 huc
366 1108 475 1173 minus
496 1107 669 1194 sapienter
689 1126 711 1174 a
731 1126 784 1173 me
801 1107 976 1194 prouisum
991 1106 1141 1194 diligen·

85 1216 136 1280 tia
152 1218 211 1278 tua
226 1213 423 1299 corrigatur.
466 1212 519 1278 Ac
533 1211 564 1276 si
579 1214 613 1278 te
627 1214 703 1301 ipse
716 1212 951 1282 vehementius
968 1213 1012 1280 ad
1028 1230 1144 1280 omnes

85 1313 201 1405 partos
222 1318 307 1395 bene
328 1317 486 1384 audiendi
506 1303 689 1410 excitaris3
718 1339 787 1388 non
807 1325 844 1386 ut
864 1340 938 1387 cum
958 1321 1052 1409 aliis,
1081 1321 1143 1387 sed

85 1428 122 1489 nt
142 1429 252 1492 tecum
272 1425 339 1491 iam
354 1425 430 1510 ipse
446 1428 577 1512 certes3
598 1428 630 1494 si
647 1446 778 1495 omnem
793 1430 883 1493 tuam
897 1432 1059 1515 mentem,
1081 1447 1143 1494 cu·

81 1552 179 1619 ratu,
210 1532 451 1621 cogitationem
481 1529 525 1595 ad
552 1533 777 1604 excellentem
802 1533 837 1598 in
865 1533 1018 1599 omnibus
1044 1533 1144 1606 relius

80 1639 195 1707 landis
221 1638 438 1726 cupiditatem
465 1637 637 1705 incitaris:
652 1637 747 1704 mini
775 1636 895 1727 crede⁷
920 1656 1007 1714 nnus
1034 1656 1144 1705 annus

82 1744 220 1812 additus
246 1744 354 1813 labori
380 1750 438 1814 tuo
465 1744 642 1812 multorum
663 1749 825 1810 nnmerum
844 1741 1007 1809 laetitiam
1028 1742 1144 1832 nobie,
1199 1809 1201 1812 ,

80 1851 230 1939 gloriam
250 1872 333 1921 vero
356 1854 456 1921 etiam
476 1852 625 1940 posteris
646 1850 773 1918 nostris
794 1852 923 1916 areret.
965 1848 1144 1937 Quaprop-
1187 1840 1225 1905 4·

81 1965 136 2028 ter
157 1959 222 2026 hoc
242 1964 277 2026 te
297 1959 437 2047 primum
454 1978 560 2048 rogo,
581 1976 624 2024 ne
639 1956 822 2025 contrahas
836 1974 876 2022 ac
894 1955 1050 2024 demittas
1065 1957 1141 2021 ani-

79 2086 170 2132 mum
190 2082 280 2130 neve
300 2068 336 2131 te
357 2065 662 2151 obrui,·tamquam
690 2064 809 2146 fluctu,
838 2063 889 2128 sic
911 2061 1144 2150 magnitudine

80 2169 218 2257 negotii
238 2170 352 2234 sinas:
380 2170 563 2250 contraque
584 2168 702 2254 erigas
722 2184 765 2233 ac
784 2168 928 2232 resistas
948 2169 1024 2234 sive
1041 2169 1142 2248 edam

21 2395 22 2400 ,
83 2345 219 2416 scirorum
235 2339 309 2396 dedit
325 2340 375 2397 Or.
391 2356 425 2396 ex
441 2337 501 2395 cod.
520 2338 595 2396 Mod.
614 2351 642 2396 et
659 2339 701 2397 ed.
717 2343 791 2401 Vict.
808 2346 879 2399 Cett.
895 2362 947 2399 roc.
966 2349 1024 2410 salq
1034 2345 1066 2389 -”’
1099 2353 1144 2402 ἰηι-

79 2414 147 2486 pud.
162 2410 282 2463 nonnuli·
296 2420 401 2475 aegon,
419 2418 450 2462 ut
463 2408 576 2461 Paeonii
590 2418 618 2463 et
633 2408 917 2483 Tuscenii(v.§.19),
938 2410 988 2482 qui
1003 2410 1144 2467 Ciceronis

79 2478 248 2542 auctoritate
262 2477 336 2546 apud
354 2476 469 2532 fratrem
487 2475 623 2546 perlicere
635 2474 796 2544 studebant,
811 2487 842 2531 ut
859 2494 957 2531 eornm
972 2476 1102 2532 avaritiae
1115 2479 1144 2536 in

21 2601 23 2622 Ι
82 2564 116 2602 re
133 2543 260 2599 foenebri
275 2541 446 2617 indulgerem
467 2551 495 2595 nt
509 2541 560 2595 hos
573 2556 589 2593 a
602 2542 705 2623 Quinto
719 2559 817 2599 severe
834 2545 958 2604 coerceri
973 2543 1143 2618 retinerique'

21 2627 23 2636 ⁴
81 2614 198 2669 Marcus
216 2610 309 2664 voluit.
328 2644 361 2656 -
400 2619 520 2661 nestrum
543 2609 561 2661 i.
582 2624 605 2661 a.
627 2625 714 2663 meam
732 2611 807 2678 glor.
829 2623 878 2664 tuta
900 2613 963 2667 vt'rt,
984 2629 1046 2680 ang.
1066 2631 1142 2681 cap„

82 2696 157 2753 qnae
174 2674 304 2750 primaria
322 2676 407 2754 fuisse
422 2672 531 2728 videtur
548 2689 645 2742 causa,
672 2694 723 2729 cur
736 2677 907 2747 provinciam
922 2678 1142 2736 fratriaiterunr

80 2747 231 2810 inaurium
252 2742 399 2823 prorogari
421 2741 521 2806 vellet,
548 2749 579 2793 ut
602 2758 675 2812 quae
698 2744 791 2813 priore
812 2761 911 2813 porum
930 2746 1044 2796 secunda
1058 2743 1140 2809 foma

79 2812 249 2881 (Suetonii
289 2847 296 2861 .
312 2826 335 2863 c.
350 2811 384 2880 d)
400 2805 649 2875 administraverat,
667 2820 814 2882 repararet
831 2821 913 2881 atque
933 2812 1095 2883 corrigeret·
1108 2845 1140 2860 -

79 2882 111 2932 id
126 2881 241 2935 commen.
252 2825 380 2932 uiirnost.
397 2873 528 2941 conjecit:
544 2875 585 2924 ito
600 2880 731 2939 commem,
747 2874 853 2948 absque
868 2876 1037 2931 necessitate.

148 2966 173 3035 §-
191 2970 216 3021 3.
248 2963 334 3019 mattas
351 2984 407 3036 sup.
432 2984 450 3016 u
470 2983 510 3017 mc
526 2983 603 3033 pron.
625 2963 701 3036 quor]
720 2981 781 3017 mea
796 2962 1085 3036 imprudentiaeffcoi‚
1110 2979 1140 3022 ut

81 3033 180 3107 priore
196 3051 268 3086 anno
283 3050 338 3086 non
356 3029 562 3087 succederetur.
580 3065 615 3077 -
656 3032 794 3099 dr'lzgreotiu
814 3043 862 3082 tna
880 3057 912 3080 =
933 3030 1053 3104 diligenti
1074 3052 1139 3104 pro-

82 3102 188 3168 vinm'ae
205 3098 445 3151 administratione.
461 3127 491 3139 -
524 3103 564 3150 Ac
582 3125 615 3147 =
631 3107 659 3151 et
673 3115 738 3150 sane
758 3094 887 3168 quidem,
904 3108 931 3149 et
953 3097 1087 3167 profecto.
1106 3134 1138 3146 .-

82 3168 145 3217 dene
156 3164 276 3215 audiendi
289 3171 321 3211 ὲ
337 3163 426 3215 bonae
440 3165 527 3215 fornae
563 3164 740 3218 Contrarium
756 3173 796 3216 est
811 3162 878 3215 illud
893 3161 995 3217 addit.
1011 3183 1038 3230 1,
1056 3165 1096 3230 18,
1107 3167 1138 3217 5:
1161 3217 1163 3220 ,

21 3237 22 3296 i
81 3229 889 3297 (latiPulicuno...ooadmulcaudiemdumpraedeca-
919 3236 1139 3285 tecum..certes
1179 3285 1184 3294 „

21 3315 22 3318 ¹
79 3310 110 3353 te
127 3297 218 3366 ipsum
235 3308 369 3363 superare
384 3291 502 3346 studeas.
520 3325 550 3335 -
585 3297 620 3346 ad
636 3297 807 3349 suseitantem.
841 3297 949 3348 Ernest
968 3295 1087 3349 malebat
1104 3296 1140 3346 ud

81 3361 247 3420 sucellensis,
264 3356 339 3429 quod
353 3358 380 3410 in
395 3366 500 3409 tentum
515 3361 620 3432 recepit
633 3361 742 3415 Schiitu.
759 3371 786 3414 ct
823 3362 905 3415 robat
918 3360 1014 3414 Orelli.
1049 3362 1137 3415 Benti-

84 3430 158 3501 vogl.
174 3424 338 3477 excellentem
355 3422 535 3493 metonymioe
549 3426 654 3498 accepit
670 3444 724 3496 pro
738 3379 903 3489 exorientis,
920 3437 951 3480 nt
969 3426 1041 3498 apud
1060 3426 1138 3502 Virg-

83 3499 153 3549 Aen.
166 3493 199 3558 6,
214 3492 278 3545 268:
298 3491 371 3544 lianc
386 3489 493 3543 obscuri
505 3490 563 3541 sola
572 3492 620 3543 aad
632 3504 714 3544 nocte.
728 3525 761 3535 -
794 3494 926 3554 incitaris,
945 3506 975 3547 ut
990 3509 1081 3565 praec.
1097 3514 1136 3545 ex·

82 3561 195 3621 citaret,
210 3568 251 3612 est
266 3557 315 3609 fut.
330 3565 416 3610 exact.
432 3565 547 3629 propter
562 3573 619 3632 seq.
631 3557 681 3610 tut.
698 3556 798 3626 offset.
1107 3563 1108 3568 ’

148 3647 172 3717 i.
186 3653 210 3716 4.
243 3646 281 3699 Ne
296 3647 437 3699 contradas
451 3665 484 3701 ao
497 3649 620 3700 demittas
634 3650 759 3700 antinum.
790 3646 999 3720 instigatione
1013 3647 1140 3706 desumto.

83 3716 187 3788 imago;
209 3724 271 3767 orta
292 3722 453 3829 temfestate
471 3714 530 3767 vela
545 3714 713 3768 contrahunt
732 3730 765 3767 ac
779 3711 933 3769 demittunt.
967 3714 1010 3770 cf.
1024 3716 1080 3770 Cic.
1100 3716 1135 3770 ad

85 3778 766 3847 Att.1,t6‚a2veucontraaz‘;deN.D.a‚4.
789 3778 822 3833 tie
842 3782 958 3851 lagga,
977 3783 1062 3833 r5.-
1095 3784 1137 3834 de·

84 3847 189 3898 mr'ttere
204 3848 329 3908 animum,
345 3841 418 3896 idem
432 3844 507 3915 quod
522 3862 607 3918 supra
622 3848 757 3927 expressit
765 3844 879 3914 frangi,
891 3845 1024 3898 debilitari
1027 3867 1040 3911 ,·
1061 3867 1085 3902 v.
1100 3847 1134 3901 de

85 3912 165 3965 Finn.
178 3910 209 3974 5,
226 3912 264 3966 ιῠ.
279 3944 311 3953 -
344 3929 376 3964 ac
389 3911 453 3962 dem.
471 3912 538 3976 Ern.
552 3929 614 3965 enm
629 3912 686 3966 alne
699 3924 748 3964 aot
761 3913 825 3965 dem.
832 3930 846 3975 ,·
860 3912 948 3965 minus
963 3923 1052 3981 reete,
1067 3912 1135 3985 quia

86 3996 129 4031 vr.
143 3987 228 4031 contr.
245 3987 272 4031 et
288 3979 351 4030 dem.
367 3993 423 4031 non
439 3975 506 4044 sibi,
523 3976 571 4033 sed
588 3977 632 4038 iio.
660 3993 731 4039 ouao
747 3988 917 4051 sequuntur,
939 3982 1029 4048 err‘grac
1046 3997 1078 4031 ac
1095 3997 1134 4030 re·

82 4045 164 4095 eritas
177 4055 362 4161 opfonuntur-
381 4072 413 4087 -
445 4055 588 4115 contraque
601 4047 669 4114 errgr.
685 4071 718 4095 =
734 4047 782 4097 sed
796 4056 892 4101 eontra
909 4062 977 4115 rogo
993 4054 1020 4101 te
1034 4045 1131 4115 erigas.

85 4108 194 4177 -fora
227 4120 338 4171 cm‚,nt
360 4108 495 4177 inbelle,
511 4108 691 4182 quodstotim
708 4110 790 4169 addit.
942 4117 945 4121 ’
