3009 5067
345 201 398 282 ss
481 207 516 269 n.
538 207 569 268 r.
590 201 774 269 mannonis
796 199 948 270 murm.
970 207 1018 270 ao
1040 210 1072 281 u.
1093 172 1258 271 maruan

345 388 500 457 nemaeus
520 386 718 456 dimiserant
747 406 793 455 ne
813 389 999 477 vestigium
1019 389 1150 477 quidem
1170 389 1244 456 eins
1262 405 1326 455 nec
1348 389 1404 455 si-

344 496 536 581 mulacrum,
558 494 621 561 sed
639 493 804 581 quandam
821 493 969 582 effigiem
984 495 1144 581 spirantis
1157 493 1288 560 momnis
1330 493 1405 558 At-

346 619 411 688 que
438 602 565 668 utinam
589 619 642 670 me
667 605 831 669 mortuum
857 602 951 688 prins
976 601 1125 669 vidisses
1151 604 1210 668 aut
1229 592 1406 666 audisses!

346 707 471 774 utinam
491 714 527 774 te
546 728 612 775 non
631 709 737 776 solum
759 711 870 797 vitae,
901 707 965 774 sed
990 709 1092 775 etiam
1113 707 1289 796 dignitatis
1309 725 1409 775 meae

272 807 306 876 2.
347 793 563 900 superstitem
584 807 813 902 reliquissem!
863 811 940 880 Sed
960 817 1069 880 testor
1090 834 1204 882 omnes
1225 813 1322 897 deos,
1349 831 1408 881 me

347 919 412 986 hac
432 938 499 986 una
520 938 605 986 voce
628 920 775 984 ammte
796 934 876 982 esse
895 921 1109 1005 revocatum,
1131 918 1221 1006 quod
1237 937 1348 986 omnes
1367 919 1406 984 in
1456 955 1459 966 ι

347 1043 423 1092 mea
444 1027 515 1092 vita
533 1028 659 1111 partem
679 1023 823 1110 sllqnsm
843 1030 922 1091 tuae
939 1023 1034 1090 vitae
1050 1027 1234 1110 repositam
1249 1044 1329 1093 esse
1348 1024 1403 1091 rr.

348 1131 478 1198 cebant.
520 1128 631 1211 Quare
652 1130 793 1217 peccavi
813 1130 1044 1217 scelerateque
1065 1130 1141 1196 ieci.
1181 1131 1270 1199 Nam
1292 1135 1324 1202 si
1345 1151 1405 1200 oo·

350 1238 525 1322 cidissem,
556 1255 645 1303 mors
671 1237 747 1324 ipsa
773 1255 880 1304 meam
907 1238 1066 1323 pietatem
1084 1255 1295 1324 amoremque
1315 1240 1350 1306 in
1372 1244 1409 1306 te

348 1344 449 1411 iscile
466 1343 674 1411 detenderet.
715 1344 814 1410 Nune
831 1345 996 1432 commisi,
1018 1347 1056 1409 nt
1075 1362 1127 1410 me
1146 1344 1225 1412 vivo
1247 1362 1411 1430 careres,

349 1452 429 1520 vivo
457 1469 509 1517 me
529 1451 604 1517 aliis
626 1431 828 1540 indigeres:
861 1470 936 1519 mea
956 1467 1025 1517 von
1044 1451 1079 1516 in
1098 1448 1290 1517 domesticis
1310 1452 1410 1538 peri-1

350 1557 436 1625 culis
471 1557 677 1645 potissimum
712 1559 904 1646 occideret,
939 1575 1026 1645 quae
1058 1574 1162 1643 saepe
1194 1557 1411 1624 alienissimis

349 1661 518 1752 praesidio
545 1663 680 1731 fuisset.
728 1665 820 1731 Nam
846 1663 933 1751 quod
960 1662 1004 1729 ad
1031 1667 1065 1729 te
1090 1664 1186 1750 pueri
1206 1664 1281 1730 sine
1300 1663 1409 1731 literis

351 1774 534 1860 venerunt,
555 1772 709 1857 qnoniam
728 1771 826 1837 vides
846 1789 914 1839 nou
930 1768 1038 1835 fuisse
1053 1768 1258 1836 iracundiam
1272 1769 1308 1835 in
1324 1788 1410 1836 cau*

350 1895 410 1961 sa,
431 1880 525 1945 certe
546 1878 688 1965 pigritia
708 1877 772 1943 luit
792 1880 828 1942 et
848 1875 1011 1963 quaedam
1030 1875 1159 1943 infinita
1172 1877 1227 1943 vis
1251 1876 1409 1944 lacrima-⁵

279 1992 312 2060 3.
352 2005 424 2052 rum
444 1990 479 2052 et
499 1983 658 2051 dolorum.
704 1983 801 2051 Haec
821 1984 898 2070 ipsa
917 2005 971 2053 me
992 2002 1056 2070 quo
1076 1985 1157 2050 fletu
1177 1987 1278 2071 putas
1298 1984 1409 2071 scripu

350 2078 473 2155 sisset
521 2088 670 2179 Eodem,
700 2108 765 2176 quo
794 2093 829 2155 te
855 2089 975 2179 legere
1002 2094 1093 2157 certo
1123 2092 1205 2158 scio.
1259 2094 1313 2158 An
1340 2109 1408 2178 ego

352 2214 491 2284 possum
511 2199 656 2263 autnon
677 2196 832 2287 cogitare
851 2195 1029 2285 aliquando
1057 2195 1100 2264 de
1126 2200 1163 2263 tc
1189 2202 1248 2264 ant
1268 2215 1410 2287 unquam

354 2428 411 2484 Ast.
424 2433 459 2495 4,
471 2428 516 2494 nd,
528 2442 552 2479 s.
583 2426 700 2479 Crassus
713 2422 814 2477 dicitur
826 2424 926 2474 minore
941 2424 1071 2491 agnusue
1083 2424 1240 2496 proiectus,
1253 2424 1410 2496 quianullus

354 2494 485 2547 comitatu
506 2489 735 2563 prosequentium
757 2489 868 2541 exierat.
891 2518 922 2530 -
964 2490 1150 2555 simulacrum,
1179 2493 1297 2560 nidulos,
1320 2492 1412 2560 amedu,

355 2568 506 2628 spectrum.
540 2555 584 2609 Gt.
601 2554 636 2609 sd
649 2553 703 2608 dir.
718 2554 761 2619 15,
779 2554 817 2607 16.
851 2551 949 2635 Eurip.
961 2553 1102 2611 Phaenius.
1122 2559 1201 2628 16681:
1223 2558 1319 2624 ἅφανῦς
1342 2562 1413 2613 arur.

383 2646 395 2689 ς
418 2626 529 2677 sidulas.
550 2651 584 2665 —
622 2622 735 2691 spirant.
756 2622 864 2675 mortui.
896 2619 1028 2676 Similiter
1048 2620 1179 2695 Sophocl.
1194 2625 1309 2680 Philocs
1330 2643 1412 2696 10172

355 2642 473 2758 iiddom
488 2685 582 2769 asupio.
599 2718 631 2729 -
660 2686 750 2755 prius,
771 2700 855 2756 quam
874 2686 964 2757 qualis
983 2705 1057 2741 nnnc
1080 2708 1149 2746 sum.
1163 2723 1198 2736 -
1229 2694 1324 2760 dzpm't.
1341 2712 1412 2745 meas

355 2764 469 2825 superat.
485 2753 559 2825 reliq.
579 2751 633 2808 ie.
655 2751 758 2806 utinm
775 2760 837 2805 ants
856 2752 936 2806 huius
954 2753 1111 2811 calamitatis
1128 2771 1205 2810 mese
1224 2767 1334 2829 tempus
1353 2758 1412 2812 obi

357 2820 453 2888 issem,
469 2836 556 2892 quum
571 2815 692 2873 noudum
708 2816 822 2890 dignitas
837 2834 896 2872 mea
911 2820 993 2892 pians
1008 2821 1176 2877 concidisset.

423 2911 448 2982 i.
473 2929 498 2966 n.
532 2930 549 2964 a
566 2924 661 2973 morte,
675 2928 761 2983 quam
777 2909 829 2965 sibl
846 2910 854 2964 i
877 2928 905 2966 se
918 2912 1021 2968 inferre
1042 2912 1135 2968 voluit.
1169 2916 1211 2967 De
1226 2914 1329 2989 triplici
1346 2934 1412 2972 cona

358 2977 433 3047 silio,
455 2989 602 3051 antequam
618 2977 690 3058 urbs
708 2976 834 3043 cederat,
856 2929 958 3034 gicero
972 2997 1034 3033 cum
1048 2980 1140 3034 smmis
1155 2978 1317 3036 deliberarit
1348 3001 1411 3039 cons

359 3054 501 3122 sereretne
514 3061 624 3099 manum
635 3059 696 3097 rure
707 3044 820 3098 serrone
835 3045 1025 3112 commedio,
1040 3061 1073 3100 sn
1087 3045 1152 3119 fuga
1167 3048 1218 3103 sibi
1235 3023 1412 3121 consuleret,

360 3109 895 3233 {ln2⁰iir¹d”⁸{.⁶l⁰‘¹c⁰ito'·iiiiii&
911 3111 1108 3233 'iiiiii‘
1126 3111 1160 3232 ii
1174 3115 1335 3198 ΨΜ
1348 3133 1410 3202 “¹¹⁰¹-

360 3242 536 3299 dsvitandum
553 3214 727 3323 censuerunt.
761 3218 952 3299 ef.1²1ur.'vit.
968 3246 1025 3301 Cic.
1039 3244 1080 3300 31.
1137 3193 1409 3321 ἰορὸὶὲεἳὸῗῖῐιῗῗ

358 3327 486 3431 macanos)
499 3307 575 3431 qiiffl
591 3317 656 3429 ”Lm
674 3327 683 3362 ι
717 3324 732 3362 e
742 3325 848 3428 gazaz
862 3328 917 3364 non
933 3311 1082 3428 intulist
1101 3315 1312 3433 occidisseer'rlrbncx
1331 3313 1410 3398 codd.

363 3396 433 3496 enirir
460 3393 737 3510 mievivircsrieiegi,
759 3395 821 3495 rivo
844 3396 966 3500 rirneisliis
987 3396 1135 3523 iiiiigircs.
1148 3381 1262 3498 ’.ΨΜ
1277 3393 1335 3497 ciii
1355 3398 1413 3502 iwan.

361 3507 426 3562 lieet
441 3509 546 3578 vivsm3
564 3509 637 3580 vulg.
655 3511 714 3561 uiuo
729 3523 778 3563 ms.
813 3508 966 3580 Bentirogl.
988 3507 1117 3562 coniecit:
1141 3530 1182 3564 ms
1199 3514 1272 3573 uiuo,
1288 3528 1328 3562 me
1342 3529 1413 3579 carc

361 3590 423 3637 scm·
440 3573 545 3648 absque
560 3574 767 3630 necessitatu-
783 3574 811 3625 tn
825 3575 892 3627 dom.
904 3575 1014 3644 pericul.
1028 3574 1045 3630 i.
1055 3590 1078 3627 e.
1115 3593 1182 3632 uum
1197 3577 1249 3630 mei
1261 3576 1414 3646 periclitan-

362 3648 428 3707 tur,
442 3658 478 3694 ne
494 3652 668 3697 accusentur.
700 3637 754 3694 vid.
769 3637 804 3692 ad
816 3644 874 3693 stt.
887 3639 918 3718 d,
931 3639 963 3705 8,
978 3656 1002 3694 n.
1016 3589 1124 3720 insrai.
1138 3648 1163 3713 4,
1179 3640 1252 3696 etde
1269 3659 1295 3695 v.
1312 3647 1413 3712 pericu

364 3703 420 3757 lum
440 3724 522 3763 sensu
539 3707 643 3763 forensi
664 3707 700 3762 ci.
718 3721 790 3777 qnae
813 3715 904 3759 notam
920 3702 955 3757 sd
977 3706 1084 3778 Q.C1c.
1104 3709 1139 3764 dc
1158 3713 1213 3780 pet.
1229 3707 1311 3761 Cone.
1331 3713 1354 3780 §.
1369 3711 1411 3780 49.

364 3792 391 3842 p.
414 3771 454 3828 63.
474 3807 507 3821 -
545 3775 615 3828 Nam
634 3774 710 3844 quod.
742 3774 817 3827 Part.
839 3788 900 3822 nam
923 3771 982 3826 h.l.
1005 3776 1149 3832 transitum
1169 3783 1257 3845 parat.
1290 3775 1336 3829 Gt.
1356 3776 1412 3830 Cic.

363 3845 423 3909 top.
435 3854 459 3894 a.
476 3843 558 3896 Varr.
576 3859 604 3905 ι,
619 3842 660 3907 57.
686 3856 716 3904 n,
731 3837 771 3956 53.
788 3837 820 3900 3,
831 3836 873 3890 85.
889 3834 924 3888 ad
940 3841 997 3917 Ast.
1013 3855 1057 3906 ro,
1071 3859 1084 3894 n
1100 3837 1170 3893 med.
1184 3871 1218 3884 -
1249 3842 1412 3896 iracundiam

364 3906 392 3956 in
408 3923 499 3960 causa
537 3904 611 3959 Pleri
635 3920 700 3957 nea
722 3930 738 3961 .·
770 3899 1003 3963 rcll.cndd,ed1t
1036 3922 1085 3959 us:
1105 3905 1257 3958 iracundias
1273 3926 1361 3962 cauca,
1379 3938 1412 3949 ..

361 3972 493 4090 {luplrititrm
515 3980 603 4024 metus
613 3922 727 4025 inbono
745 3968 870 4037 (Tuscul.
885 3971 916 4036 4,
929 3969 987 4040 8.),
1040 3968 1256 4042 srdrosssnhait‚
1279 3972 1411 4041 Ursulum,

392 4056 409 4090 n
422 4055 474 4091 ns.
