3009 5067
240 1977 275 2041 ,1.

279 352 280 355 =
315 298 367 374 ’92
456 311 492 371 lii.
514 310 545 370 Τ.
566 308 749 371 CICERONIS
770 307 924 371 EPISTOL.
944 308 993 370 An
1014 309 1046 381 Q.
1067 306 1235 371 FRATREM

317 490 414 557 iaris.
460 490 508 556 ut
526 490 646 556 literae
666 480 934 576 protomartiri,
965 486 1054 574 quod
1073 490 1272 575 exspectas,
1303 487 1376 558 scre

318 614 393 663 eum
412 600 470 662 tuo
491 594 602 662 reditu
627 596 809 682 iungentur
817 606 833 684 ς’
857 593 986 680 reliqua
1012 594 1221 682 singulorum
1248 593 1375 661 dierum

317 703 502 770 scribemus
516 702 559 769 sd
574 707 622 791 tc,
630 704 661 768 si
673 701 770 769 modo
785 700 979 767 tabellarios
993 704 1030 766 tu
1043 700 1230 786 praebebis.
1248 699 1375 783 Quam-

318 826 416 895 quam
438 809 601 878 eiusmodi
621 810 732 897 frigus
752 807 982 898 impendebat,
1003 813 1041 875 ut
1058 827 1218 876 summum
1236 808 1373 895 pericu-

318 918 385 1011 lum
406 920 519 1006 esset,
540 934 584 982 ne
604 916 714 1003 Appio
734 932 817 981 suae
836 916 941 984 aedes
960 919 1147 982 urerentur.

643 1210 913 1289 EPISTOLA
938 1208 1047 1285 xm.

316 1350 426 1428 Scripta
444 1349 547 1412 Romae
566 1349 699 1428 postridie
725 1351 788 1411 ldus
807 1352 896 1413 Febr*
911 1351 944 1411 A.
964 1352 997 1412 U.
1018 1351 1047 1411 C.
1071 1349 1130 1410 700
1157 1353 1205 1425 (a.
1227 1346 1289 1408 Chr.
1310 1349 1373 1423 51»)

410 1484 414 1491 ·
702 1449 800 1511 iisdem
821 1451 985 1511 consulibus.

317 1591 525 1658 Arpumcntum.
561 1590 603 1641 Da
619 1587 706 1642 rebus
723 1585 763 1642 Id.
782 1562 867 1641 Febr.
885 1583 917 1641 in'
928 1596 1026 1641 senatu
1043 1586 1116 1643 ,actia
1140 1585 1216 1640 1-6
1222 1603 1232 1654 3
1260 1582 1294 1640 de
1311 1585 1372 1639 Cal·

415 1669 531 1725 listhene
547 1679 576 1725 ct
593 1669 720 1739 Philisto,
738 1667 867 1724 historiae
883 1666 1065 1740 scriptoribus
1081 1672 1107 1735 4.

497 1870 501 1879 ’
534 1882 537 1889 ·
575 1845 768 1913 MARCUS
798 1843 838 1927 Q.
867 1842 1042 1909 FRATRI
1069 1840 1108 1910 S.

398 1967 474 2033 Risi
500 1967 636 2034 »nivem
663 1970 811 2034 atramo:
843 1969 943 2053 teque
971 1965 1070 2032 hilari
1096 1965 1204 2032 animo
1229 1982 1307 2032 esse
1334 1969 1370 2030 et

316 2076 467 2159 prompto
496 2073 540 2140 ad
568 2072 743 2139 iocandum
763 2071 864 2139 valde
886 2090 939 2139 me
960 2074 1065 2140 iuvat.
1114 2073 1167 2139 ne
1191 2070 1368 2158 Pompeio,

317 2179 486 2245 assentior
505 2179 584 2268 tibi,
605 2179 662 2246 vel
682 2184 718 2246 tu
738 2181 850 2266 potins
866 2177 955 2243 mihi.
998 2177 1105 2262 Nam,
1126 2185 1163 2245 ut
1177 2178 1264 2265 scis,
1284 2178 1370 2244 iam·

317 2284 444 2372 pridem
475 2287 575 2352 istum
604 2291 701 2352 canto
731 2284 924 2353 Caesarem.
976 2285 1059 2352 Mihi
1087 2285 1205 2371 crede,
1234 2287 1271 2351 in
1297 2285 1372 2350 sinu

242 2392 276 2461 R.
317 2396 390 2458 estc
411 2411 522 2481 neque
543 2394 611 2480 ego
632 2391 817 2480 discingor.
859 2391 1042 2480 Cognosce
1059 2410 1146 2459 nuuc
1163 2392 1255 2458 Idus.
1298 2391 1371 2461 De·-

304 2617 370 2687 fere
385 2639 444 2673 cam
460 2633 507 2673 tao
524 2622 612 2674 redita
628 2624 772 2692 iungentur
792 2623 809 2677 i.
826 2639 850 2678 e.
867 2638 901 2679 eo
916 2624 977 2680 fere
996 2636 1122 2698 ternpore
1141 2627 1319 2699 perferentur
1338 2623 1373 2679 ad

315 2694 342 2737 te
350 2692 433 2764 &1¹¹⁰
451 2697 481 2741 tu
497 2684 616 2741 reditum
633 2688 667 2741 ad
682 2707 732 2744 uos
749 2690 871 2762 parebis.
890 2723 923 2736 -
956 2693 1189 2762 eiusmodifrsgrns
1197 2713 1210 2758 ,·
1232 2693 1292 2747 ride
1314 2694 1370 2747 init.

314 2749 370 2803 bur.
394 2752 472 2821 epist.
489 2784 520 2794 -
561 2772 624 2805 raas
645 2756 720 2808 aedes
736 2769 894 2819 urerentur,
922 2757 998 2829 quod
1016 2759 1043 2811 in
1060 2757 1140 2813 domo
1156 2759 1290 2823 consulis,
1314 2775 1372 2830 quo

314 2814 450 2870 salutandi
465 2833 497 2872 ac
519 2818 670 2874 deducendi
690 2838 772 2875 causa
791 2838 873 2892 quam
895 2823 1007 2894 plurimi
1022 2825 1212 2888 convenirent,
1237 2825 1372 2878 cuminum

315 2887 852 3003 ⁰⁸⁸5⁰Pgrli101'2t2dflieiiffliefrssffl'sss·
866 2888 1125 2970 luculentissimum,
1146 2891 1248 2942 Manus.
1281 2888 1374 2968 flenti:

314 2960 487 3070 tisim
501 2950 520 3068 ii
541 2952 1374 3094 titio?1iti‘resaisiri,disuiqiiigiiiif

313 3089 417 3153 quatur
433 3032 547 3152 (liceri)
563 3101 621 3136 mor
653 3097 681 3149 c,
697 3087 792 3148 oredo,
809 3088 948 3138 anarin‘am
963 3088 1044 3155 Appii
1058 3084 1126 3156 (i).

707 3192 888 3246 EPISTOLA
909 3189 983 3247 xm.

296 3291 300 3300 .
341 3303 344 3307 .
378 3260 448 3332 §.jn
481 3257 564 3324 nibem
580 3266 680 3318 atram,
697 3274 734 3311 sc.
757 3256 791 3317 de
810 3274 866 3330 qua
882 3257 1025 3331 scripsisti.
1050 3260 1228 3337 Anaxagorae
1246 3258 1300 3313 fuit
1316 3258 1372 3333 oi·

252 3356 255 3363 .
312 3317 375 3386 uio,
390 3336 479 3374 nivem
494 3326 671 3388 canestrum,
687 3321 762 3395 quod
777 3342 810 3378 cx
830 3340 902 3396 equa
919 3325 1014 3391 tieret,
1029 3341 1101 3396 quae
1121 3339 1199 3396 nigra
1218 3330 1298 3379 esset.
1363 3363 1370 3378 .

268 3450 270 3454 ι
313 3382 371 3437 (iic.
386 3384 471 3440 Aeed.
485 3403 517 3445 a.
531 3385 572 3440 31.
611 3386 768 3460 Scripserat
783 3390 899 3444 fortasse
914 3391 1048 3469 Quintus,
1073 3390 1162 3443 nivem
1179 3401 1267 3444 atram
1286 3408 1314 3444 se
1333 3392 1372 3443 in·

313 3449 435 3519 uenisse,
450 3452 527 3524 quasi
547 3450 651 3506 tristem
668 3455 831 3527 minimeque
847 3456 1012 3521 iucundam,
1028 3456 1093 3527 quia
1109 3455 1211 3510 scilicet
1227 3457 1251 3508 ei
1265 3473 1316 3528 per
1334 3456 1373 3509 ni-

313 3529 360 3566 ves
375 3515 621 3573 incommodissime
637 3520 734 3576 itincre
752 3520 887 3588 eundum,
910 3539 943 3574 ac
956 3523 1029 3576 forte
1045 3521 1125 3573 etiem
1141 3521 1169 3575 in
1181 3522 1246 3592 ipsis
1262 3520 1371 3574 nivibus

286 3600 289 3619 ¹
312 3595 374 3632 cum
388 3581 481 3647 hoste,
497 3601 552 3638 non
568 3584 624 3639 sine
640 3603 748 3641 summo
765 3587 834 3648 vitae
848 3587 1002 3641 discrimine
1016 3586 1192 3658 pugnandum
1206 3588 1287 3642 foret.
1313 3588 1371 3638 Ma—

301 3655 371 3697 *nnn
391 3679 425 3695 -.
457 3651 487 3702 de
502 3650 638 3721 Pompeio,
660 3670 717 3707 nou
733 3652 900 3707 deberemus
921 3654 1002 3706 unius
1026 3654 1150 3723 Pompeii
1173 3651 1290 3711 amicitia.
1305 3652 1370 3721 uiti,

313 3706 458 3767 Caesarem
480 3716 560 3771 simul
582 3733 641 3771 essa
664 3717 917 3790 complectendum,
940 3729 972 3773 ut
988 3719 1106 3771 amicum
1121 3721 1186 3772 Pom
1208 3718 1250 3772 ein
1268 3718 1371 3772 firmin-

312 3789 380 3854 rpm·
394 3808 427 3822 -
460 3793 549 3845 conto,
566 3782 707 3853 praedico,
723 3785 852 3851 celebro,
870 3784 898 3837 in
914 3801 965 3839 ore
981 3784 1145 3857 frequenter
1161 3781 1194 3834 hs
1217 3799 1259 3840 co.
1277 3817 1310 3828 -
1344 3788 1372 3836 in

312 3856 372 3892 nna
387 3853 426 3891 esc
440 3861 519 3915 neque
534 3866 583 3917 ego
600 3850 752 3918 duningor,
777 3851 859 3904 faveo
877 3868 968 3924 neque
986 3851 1081 3905 favere
1097 3847 1372 3921 aequamentum,

311 3904 425 3961 ductum
440 3923 455 3958 a
469 3914 553 3966 rebus
568 3915 726 3981 carissimis,
743 3933 813 3989 quas
828 3917 856 3970 iu
870 3917 931 3970 siun
944 3928 1096 3991 gestamus3
1112 3931 1231 3988 quaeue
1246 3915 1371 3972 excidant

217 4056 219 4063 y
311 3988 365 4027 nou
382 3970 566 4043 discingimur.
600 3978 644 4034 cf.
657 3982 783 4038 Abeken.
799 3983 819 4034 l.
831 4001 855 4037 c.
868 4001 897 4053 p.
912 3985 958 4038 162
973 4000 1016 4065 sq.

376 4073 402 4136 ς.
417 4084 441 4147 ²:
475 4068 554 4144 idus,
570 4085 642 4150 quae
657 4072 746 4151 idibus
762 4071 924 4131 Februariis
942 4077 1013 4131 facta
1033 4087 1105 4133 suut.
1139 4077 1258 4151 Scripsit
1279 4085 1371 4131 eutem

311 4130 380 4186 hauc
396 4134 539 4206 epistolam
554 4136 685 4206 postridie
698 4135 760 4193 udus
775 4154 862 4196 mane.
895 4146 931 4199 V.
949 4140 977 4199 h.
991 4159 1036 4214 ep.
1053 4152 1124 4197 extri
