3009 5067
297 302 347 375 Vl
579 261 581 265 ,
645 263 994 375 rnuuunrro.

223 613 227 618 .
295 526 482 600 iustruotis
496 531 608 623 atque
621 529 677 600 rei
689 524 936 604 scholasticae
949 531 1077 628 peritis¹
1090 530 1236 630 publiee'
1250 517 1352 608 eom}

295 645 769 745 probato,seeuti‘sumus
833 653 836 654 *
905 659 910 670 ·

375 766 604 844 Contentum
630 767 828 878 seeundum
857 774 1050 869 optimam,
1085 797 1179 873 quae
1197 779 1351 866 semet,
1400 814 1402 818 ·

236 935 239 946 ·
298 892 430 970 orror
442 894 692 969 reoeusiouem
708 892 810 991 typis
826 889 969 985 quidem
987 894 1268 971 exscribendum
1286 903 1353 972 ou*

294 1019 474 1110 ravimus,
495 1037 623 1093 uerum
636 1013 755 1089 sieubi
767 1019 898 1088 nostra
913 1014 1024 1090 aliter
1038 1015 1353 1095 ferebatseuten*

294 1142 367 1226 tia,
386 1137 423 1215 id
443 1138 566 1214 allatis
583 1136 874 1262 sinemurum,
897 1141 949 1212 uti
963 1136 1147 1231 Maeotii,
1163 1140 1351 1249 umere,
1379 1218 1382 1227 f

145 1285 150 1301 ’
295 1261 483 1350 murm,
506 1258 757 1352 mommsen,
781 1259 1019 1363 desimus,
1045 1286 1196 1363 quorum
1216 1264 1353 1341 editio·

293 1408 362 1462 nes
385 1375 536 1485 praesto
557 1381 667 1460 uobis
692 1389 818 1479 mant,
843 1388 1063 1463 smierturis
1082 1385 1353 1484 ‘emendationif

293 1507 434 1606 busque
460 1509 636 1585 aoourste
654 1510 691 1583 in
715 1497 953 1585 adnotatione
974 1513 1181 1591 monuimus.
1231 1510 1276 1585 In
1295 1513 1352 1585 in-

294 1628 452 1707 dieaude
477 1630 672 1710 ieetionum
696 1636 901 1725 varietate,
938 1656 1012 1729 qua
1034 1627 1268 1707 diudieunda
1295 1632 1353 1705 iu·

293 1749 394 1853 genii
409 1756 512 1850 vires
530 1778 610 1830 oum
628 1747 783 1831 maxime
799 1757 972 1832 exerceri
987 1754 1263 1853 confirmarique
1273 1754 1352 1832 de·

1499 733 1502 763 Ι

212 1863 217 1868 ’
293 1882 374 1969 oet,
399 1900 448 1953 ne
467 1876 628 1954 ieotores
649 1882 806 1956 iuvenes
825 1879 933 1952 nimia
951 1875 1048 1953 mole
1066 1877 1268 1953 obruantur
1288 1884 1353 1952 ant

293 2019 318 2071 a
345 2000 472 2074 critica
496 1999 709 2076 exercenda
732 2001 843 2100 plane
867 1999 1160 2087 absterreantur,
1185 2004 1238 2075 ita
1262 2023 1353 2077 ver·
1500 1991 1501 2012 ²

292 2125 364 2200 sati
382 2147 525 2218 sumus,
551 2128 683 2199 utnon
700 2143 847 2218 omnes,
864 2121 1114 2222 sedpotiores
1134 2115 1271 2200 tantum
1290 2149 1352 2202 re-

293 2247 515 2348 ciperemus'3
539 2265 708 2344 quaeque
727 2268 778 2319 ex
798 2239 901 2319 bisce
924 2250 1053 2319 nostro
1073 2245 1210 2320 iudicio
1230 2250 1353 2321 veris-
1500 2277 1502 2290 ι

177 2439 182 2460 ,
292 2372 405 2445 murae
422 2368 661 2464 viderentur,
686 2372 815 2468 paucis
834 2366 1044 2464 plerumque
1063 2364 1212 2459 verbis,
1237 2369 1353 2443 iuter·
1500 2412 1502 2416 >

293 2488 374 2566 dum
394 2488 549 2566 adiectis
569 2492 677 2565 etiam
693 2487 890 2583 rationibus
908 2487 1198 2564 observaremus.
1222 2488 1369 2582 Locos

142 2595 154 2619 ’
207 2607 210 2612 ’
291 2609 424 2688 dubios
454 2620 697 2711 corruptosve
723 2615 778 2686 ita
803 2609 946 2710 quidem
977 2608 1067 2685 dare
1095 2611 1254 2709 pleouit,
1297 2615 1351 2687 uti
1398 2596 1401 2603 ⁵

293 2732 391 2834 apud
420 2733 597 2810 Omdirnn
619 2727 810 2832 reguntur,
857 2758 929 2833 quo
951 2757 1079 2816 veram
1105 2734 1266 2811 fortasse
1300 2759 1352 2811 ex
1500 2791 1501 2834 ÷

292 2858 366 2932 illis
394 2858 564 2935 elieiendi
595 2860 792 2935 lectionem
819 2858 939 2934 hosne
968 2857 1122 2933 sonandi
1152 2856 1351 2958 perieulum
1500 2871 1501 2912 i

290 2980 445 3057 faeturis
461 2989 598 3058 eertum
617 2981 714 3057 baud
727 2981 882 3058 deesset
899 2975 1188 3076 fundamentum
1203 3004 1351 3058 verum·

292 3111 410 3180 tomen
434 3128 482 3181 ue
501 3128 571 3180 suo
591 3105 716 3181 Marte
739 3104 910 3204 legentes
936 3130 983 3181 ea
1006 3128 1049 3181 re
1072 3103 1351 3201 impedirentur,
1376 3101 1382 3122 ‘

291 3230 329 3304 iu
352 3232 608 3305 commentario
638 3228 742 3303 simul
768 3231 1027 3331 exposuimus,
1064 3253 1239 3328 quosnam
1262 3231 1350 3320 viri,

293 3374 442 3449 quorum
463 3349 683 3429 editionibus
704 3355 924 3450 usisumus,
950 3353 1084 3451 aliique
1106 3350 1349 3427 adorationis

292 3496 425 3550 nexum
464 3477 782 3575 integritatemque
819 3467 1080 3554 restituendam
1120 3472 1350 3550 adhibuerint
1468 3526 1470 3530 .

292 3622 326 3673 ιιι
351 3595 467 3674 delas.
514 3652 517 3659 «

328 3621 475 3811 eQuod
498 3721 548 3798 ad
569 3720 665 3797 huno
686 3724 822 3821 ipsum,
848 3744 951 3820 quem
977 3720 1222 3811 confecimus,
1249 3739 1348 3793 oom-

292 3846 501 3918 mentarium
520 3849 668 3937 attinet,
683 3841 722 3916 id
738 3847 894 3919 maxime
912 3848 1030 3924 secuti
1050 3867 1191 3936 snmus,
1212 3846 1254 3915 ut
1271 3864 1349 3915 om·
1500 3879 1501 3918 ς

292 3988 360 4040 nes
387 3963 641 4058 difficultates,
677 3966 809 4069 quibus
836 3968 996 4041 iuniores
1026 3964 1226 4039 conflictari
1258 3955 1348 4038 oon·

293 4095 382 4186 stat,
401 4081 642 4186 expediantur
654 4089 915 4193 eaquesoltem
933 4085 1155 4181 iudicentur,
1173 4084 1271 4163 unde
1281 4108 1348 4160 sua
