3009 5067
534 280 596 343 ΗΒ.
617 280 659 342 ill.
700 281 751 342 ΕΡ.
773 280 793 341 1,
1122 275 1183 345 121

3 500 5 561 ,
130 463 184 530 ui.
224 461 319 529 Nero
341 478 414 527 cum
435 460 533 525 bonis
549 457 855 545 subscriptoribusr
876 457 916 525 Ο.
929 458 1101 527 Memmius
1120 460 1203 526 tri-'

129 569 238 636 bunus
258 569 303 655 pl.
325 587 400 634 curn
420 566 461 631 L.
483 563 658 650 Capitone.
711 564 768 631 Ad
789 564 903 633 urbem
928 570 1074 635 accessit
1100 586 1130 635 a.
1152 567 1184 634 d.

129 676 210 744 Xll.
231 674 309 741 Kal.
333 671 468 741 Octobr.
518 670 614 737 Nihil
642 673 772 760 turpius
798 690 863 739 neo
884 672 1062 739 desertius.
1108 668 1187 740 'Sed

128 782 183 847 his
204 779 335 847 iudiciis
354 776 439 844 nihil
459 775 569 844 audeo
592 778 772 845 confidere.
814 777 911 863 Quod
931 777 1015 846 Cato
1035 796 1102 843 non
1121 795 1187 845 va·

128 887 244 971 lebat,
266 884 377 952 adbuc
398 884 441 951 de
461 886 611 976 pecuniis
632 852 830 973 repetundis
850 905 915 952 non
938 890 1011 951 erat
1030 885 1187 972 postula-

109 1001 198 1062 tus.
240 992 419 1078 Pompeius
439 1011 463 1057 a
482 1010 534 1057 me
553 988 655 1058 ualde
676 992 847 1059 contendit
868 993 911 1061 de
927 990 1038 1059 reditu
1054 993 1090 1057 in
1101 1009 1187 1082 gra·

128 1100 231 1167 tiam:
262 1099 323 1166 sed
351 1097 461 1165 adbuc
487 1097 571 1164 nibil
590 1098 733 1184 profecit
752 1117 839 1187 nec,
872 1100 903 1165 si
929 1098 1030 1165 ullam
1058 1103 1187 1183 partem

129 1205 295 1272 libertatis
324 1206 463 1295 tenebo,
494 1205 657 1293 proficiet.
705 1204 798 1272 Tuas
823 1206 942 1273 literas
968 1206 1188 1274 vehementer

131 1315 305 1398 exspecto.
349 1309 445 1394 Quod
457 1313 578 1382 scribis
593 1321 628 1381 te
640 1308 776 1381 audisse
789 1312 823 1377 in
838 1302 1087 1379 candidatorum
1102 1320 1188 1378 con·
1231 1304 1283 1373 16.

129 1417 287 1486 solarium
309 1417 450 1482 coitione
471 1436 523 1483 me
543 1418 756 1506 interfuisse,
777 1419 813 1484 id
832 1419 953 1485 falsum
974 1422 1038 1484 est.
1080 1419 1186 1484 liius-

128 1523 219 1591 modi
238 1524 326 1590 cnim
345 1527 519 1617 pactiones
539 1525 574 1591 in
597 1544 639 1594 ea
660 1526 804 1593 coitione
832 1524 944 1591 factae
972 1526 1072 1611 sunt,
1102 1541 1187 1609 quas

129 1634 249 1717 postea
274 1629 448 1697 Memmius
477 1630 660 1721 patefecit,
694 1635 733 1697 ut
760 1649 857 1696 nemo
885 1630 991 1695 bonus
1019 1630 1189 1697 interesse

132 1738 306 1805 debueritt
338 1741 373 1803 et
393 1737 490 1802 simul
510 1737 590 1804 mihi
612 1734 879 1804 committendum
899 1730 1067 1820 nonfuit,
1087 1737 1126 1800 ut
1146 1734 1188 1801 iis

130 1843 328 1911 coitionibus
356 1844 575 1932 interessem,
604 1844 722 1934 quibus
748 1840 903 1908 Messala
932 1838 1187 1927 excluderetur,

130 1951 183 2017 cui
212 1949 343 2035 quidem
370 1949 588 2018 vehementer
616 1950 789 2018 satisfacio
817 1946 917 2013 rebus
947 1938 1121 2013 omnibusr
1152 1950 1189 2012 ut

131 2174 189 2228 atr.
206 2173 238 2238 4,
258 2188 296 2225 ιο.
322 2201 354 2212 -
406 2170 457 2225 Tib.
476 2169 574 2227 Claud.
589 2173 677 2237 Naro,
701 2174 751 2245 qni
770 2172 903 2239 Tulliam,
927 2171 1067 2225 Ciceronis
1090 2170 1189 2239 filiam,

131 2253 246 2295 uxorem
264 2235 366 2289 ducere
388 2234 475 2290 voluit
496 2235 544 2305 (ad
560 2240 617 2292 Att.
633 2240 665 2306 6,
682 2240 714 2308 6,
730 2245 776 2309 ι),
797 2247 894 2313 postea
913 2253 980 2291 vero
999 2236 1116 2305 Liuiam,
1133 2243 1189 2291 Au·

131 2304 204 2375 gusti
218 2301 391 2373 imperatoris
408 2302 566 2373 coniugem,
584 2304 674 2373 duxit,
691 2323 725 2360 ex
739 2322 795 2377 qua
812 2302 953 2356 Tiberium
967 2301 1068 2375 genuit.
1085 2335 1117 2348 -
1149 2304 1191 2355 do·

132 2374 190 2431 aab,
205 2371 269 2423 satis
285 2367 384 2422 multis.
402 2400 435 2411 -
466 2370 694 2440 subscriptoribus.
716 2370 860 2426 Aeconia
877 2366 929 2423 div.
945 2369 974 2422 in
986 2367 1086 2422 Vermr
1103 2370 1189 2421 asub·

133 2435 283 2507 scriptores
297 2433 437 2500 dicuntur,
453 2434 501 2505 qui
514 2433 644 2490 adiuvare
660 2449 847 2493 accusatorem
861 2433 988 2489 causidici
1001 2434 1107 2488 solentt
1118 2451 1190 2505 quos

133 2520 151 2556 o
171 2511 245 2555 ornet
268 2500 435 2555 summissius
453 2517 550 2572 agere,
575 2518 657 2573 quam
673 2501 746 2561 dicat
766 2505 830 2567 ille,
872 2517 935 2554 uem
949 2511 1135 2573 acquantum
1158 2533 1190 2546 -

131 2520 170 2622 61
174 2568 319 2621 Mcmcu‘us.
345 2569 409 2622 V.c
433 2583 481 2620 .se
504 2608 509 2620 .
536 2569 680 2640 Privignus
697 2581 757 2624 erat
771 2571 802 2626 Ρ.
816 2517 920 2624 8ι111π.
949 2567 1191 2647 V.pr08ull.19.

131 2649 187 2705 pro
198 2633 267 2687 nab.
279 2635 354 2687 Post.
367 2633 393 2687 3.
408 2585 470 2710 1131,
478 2582 553 2688 iiim.
562 2635 588 2701 8,
605 2653 627 2688 ι.
642 2652 697 2689 non
708 2633 917 2690 confundendus
930 2651 992 2687 cum
1005 2635 1064 2700 rlio,
1077 2634 1124 2704 qui
1140 2633 1190 2711 boc
1228 2706 1233 2713 Ι

133 2715 205 2753 anno
218 2698 391 2753 consulatum
405 2708 483 2769 petnt
499 2697 548 2779 (ad
562 2705 619 2756 Art.
636 2704 667 2769 4,
684 2703 728 2766 ab,
742 2721 760 2768 7
767 2720 777 2769 3
804 2701 849 2768 16,
861 2701 878 2756 8
883 2718 893 2767 3
919 2699 964 2766 18,
978 2705 1027 2754 nt.
1041 2731 1074 2741 -
1117 2701 1191 2767 Capr-

131 2777 202 2826 tonc,
219 2764 424 2834 subscriptore,
460 2774 529 2818 cntra
546 2766 655 2833 Ateiac,
669 2767 788 2838 plebeio.
814 2799 847 2811 -
880 2766 987 2816 accessit
1002 2763 1142 2820 Gabinius.
1158 2795 1190 2806 —

132 2831 206 2886 Nt'br'l
220 2834 335 2899 turpino.
370 2834 403 2887 V.
418 2781 489 2885 indi-a
504 2829 526 2898 b.
544 2836 583 2899 nd.
597 2844 704 2887 »noctu
718 2834 746 2887 in
762 2833 860 2886 urbem
873 2830 1015 2886 introivitc
1029 2840 1056 2883 et
1070 2847 1113 2900 ep.
1130 2846 1189 2900 seq.

132 2896 207 2965 init.;
224 2895 288 2950 coll.
300 2898 326 2949 in
343 2897 432 2950 Pison.
447 2914 477 2961 na
493 2915 536 2969 sq.
549 2929 580 2940 -
614 2899 760 2962 desertius,
777 2897 885 2953 nemine
902 2895 927 2948 ci
943 2894 1051 2949 obviam
1063 2898 1147 2952 facto.
1157 2924 1190 2936 -·

133 2963 206 3023 iad„
229 2979 300 3032 quac
315 2962 432 3017 Gabinio
448 2960 621 3084 impendent,
636 2966 703 3016 nitri
716 2966 778 3019 aad.
793 2962 861 3031 ccrrf.
893 2960 970 3040 lnsra
985 2977 1029 3034 ep.
1045 2978 1101 3034 seq.
1119 2979 1134 3013 a
1153 2959 1190 3012 di·

133 3025 186 3080 cit:
203 3025 327 3080 »iudices
341 3029 433 3083 nullos
448 3030 483 3082 ha
505 3047 616 3087 emus«.
633 3058 667 3073 -
700 3031 740 3087 M.
757 3034 824 3084 Cato
844 3028 992 3094 Uticensis,
1011 3029 1059 3098 qui
1076 3035 1191 3099 praetor

132 3091 186 3145 hcc
204 3108 274 3144 anno
292 3090 332 3144 de·
347 3093 507 3166 repetundis
530 3096 670 3167 quaesivit.
687 3129 720 3144 -
758 3114 810 3151 nort
832 3095 952 3155 calebat,
974 3094 1142 3164 aegrotabat.
1159 3122 1191 3132 -

131 3156 284 3236 Pompeias,
300 3156 377 3212 ouius
395 3160 465 3215 mira
485 3163 657 3216 contentione
675 3161 807 3217 Gabinius
829 3166 862 3215 dc
882 3159 1022 3238 maiestate
1034 3158 1192 3239 ‘absolutus

134 3233 197 3341 {alm
216 3223 347 3342 gabigai?
369 3239 414 3342 εδ.
429 3230 458 3302 4,
479 3245 500 3281 ι.
525 3226 558 3279 ad
574 3233 630 3283 Art.
646 3231 678 3294 4,
695 3230 740 3296 ab,
756 3247 780 3299 9.
802 3256 834 3268 ·-
875 3228 906 3278 dc
924 3226 1011 3277 redata
1028 3242 1055 3275 m
1069 3235 1191 3292 gratnm

133 3363 256 3499 [232².
270 3352 1191 3502 ignati·eni?ittettttltutff'trttillicitet

134 3485 233 3540 Cicero
253 3486 417 3568 Gabinium,
443 3504 526 3558 quern
544 3490 628 3559 paulo
652 3499 928 3569 anteoaccusaverat,
954 3498 1053 3577 rogatu
1070 3489 1190 3552 Pompeii

133 3550 604 3692 &saiwierrftpifgflgdhi‘leeffrnigfft'
638 3557 675 3611 V.
690 3558 743 3609 Dio
759 3556 836 3613 Cass.
850 3555 897 3624 39,
914 3555 962 3623 633
981 3559 1039 3610 bic.
1053 3570 1106 3625 pro
1122 3553 1191 3608 Rab.

200 3719 225 3781 5.
244 3715 283 3767 rb.
317 3715 435 3769 coctione.
459 3717 681 3793 centimetrum
697 3715 819 3771 homines
834 3726 1037 3789 congregantur
1051 3716 1090 3783 rei
1104 3715 1191 3768 malac

137 3778 481 3851 perficiendae,.tanquam
497 3782 620 3841 tribuum
638 3781 908 3857 corrumpendarum
924 3798 1013 3837 causa.
1046 3781 1190 3852 strupra

129 3842 212 3977 itt:
227 3843 603 3979 sustinuerit·
619 3848 638 3966 ¹⁶·
653 3844 761 3968 [iit
779 3847 1035 3968 fastidiebat
1048 3859 1191 3966 tnta:

136 3984 181 4028 tus
197 3947 348 4031 consularia
365 3950 513 4049 patriciui,
532 3950 621 4049 'quein
639 3954 741 4033 'Cicero
762 3953 877 4033 maxime
894 3953 1051 4052 dssigebat.'
1065 3978 1190 4058 V.·infro

136 4039 311 4161 teritis
317 4042 419 4164 {inid
434 4043 633 4179 ”idalii
650 4044 921 4183 metietur
933 4062 1019 4117 ΨΜ·
1038 4056 1104 4114 ‘¹¹¹³'
1105 4062 1113 4095 ¹
1129 4058 1191 4115 ‘³³⁰'

405 4147 411 4164 a
428 4143 458 4155 “··
633 4148 644 4173 p
923 4142 973 4167 0-

428 3290 500 3344 msra
516 3308 560 3363 ep.
572 3295 605 3358 4,
619 3294 649 3359 33
667 3311 697 3363 9,
714 3312 735 3348 r.
771 3292 870 3347 Cicero
886 3287 964 3344 valde
981 3290 1007 3343 in
1024 3305 1087 3343 eum
1103 3289 1191 3341 invec-
