3009 5067
322 305 373 377 24
466 310 502 371 ll.
522 308 553 370 t.
574 306 757 371 CICERONIS
779 307 1049 378 aristobulo.
1070 306 1236 369 FRATREM

216 564 220 569 .
323 497 411 566 Asis
438 495 588 584 cogitet,
617 493 744 561 nullam
769 511 791 560 a
817 510 857 561 se
882 510 992 579 neque
1016 491 1097 561 belli
1117 493 1250 560 externi
1270 511 1386 579 neque

323 602 579 670 domesticarum
598 596 842 666 discordiarum
863 599 1084 666 calamitatem
1105 600 1269 666 afuturam
1292 599 1385 666 fuis-

324 728 382 795 se,
402 706 433 773 si
452 706 517 772 boc
535 705 674 791 imperio
695 723 764 770 non
781 708 965 771 teneretur.
1016 704 1057 772 ld
1076 710 1189 773 autem
1209 706 1387 792 imperium

324 831 423 903 quum
441 812 578 880 reineri
597 811 673 878 sine
693 809 920 895 vectigalibus
940 810 1031 877 nullu
1053 811 1152 880 modo
1171 814 1298 900 possit,
1318 830 1386 880 ae·

323 939 389 1008 qno
416 919 527 987 animo
555 922 653 1006 parte
679 917 790 1001 eliqua
815 933 951 980 suorum
981 915 1146 986 fructuum
1172 939 1290 1007 pacem
1318 919 1387 986 sibi

323 1026 560 1115 sempiternam
578 1022 718 1091 redimat
739 1023 842 1107 atoue
863 1022 974 1087 otium.

156 1130 308 1205 tull-aa
410 1131 507 1217 Quod
527 1131 558 1197 si
576 1145 688 1216 genus
707 1127 816 1213 ipsum
838 1131 874 1194 et
893 1143 1014 1194 nomen
1035 1127 1204 1214 publicani
1228 1151 1295 1199 non
1315 1134 1385 1201 ini·

154 1247 157 1252 '
324 1256 390 1325 quo
410 1237 519 1303 animo
546 1231 781 1319 sustinebunt,
812 1236 971 1318 poterunt
998 1231 1039 1297 iis
1065 1233 1208 1301 consiliu
1235 1247 1271 1302 et
1297 1255 1385 1323 pru-

325 1340 439 1409 dentia
458 1342 517 1404 tus
537 1336 664 1424 reliqua
683 1337 791 1430 videri
811 1337 950 1403 mitiora.
991 1336 1139 1403 Possunt
1157 1339 1193 1408 in
1214 1341 1387 1426 pactioni-

325 1446 388 1514 bus
406 1443 570 1513 iaciendis
590 1464 656 1511 non
677 1443 793 1533 legem
812 1446 969 1531 spectare
996 1439 1202 1534 censoriam,
1231 1446 1294 1513 sod
1314 1465 1384 1535 pu·

324 1555 394 1623 tius
417 1553 682 1621 commoditatem
702 1551 903 1620 conficiendi
932 1553 1064 1640 negotii
1091 1554 1127 1621 et
1153 1551 1399 1640 liberationem

325 1661 511 1732 molestiae.
562 1662 667 1729 Potes
694 1661 794 1727 etism
819 1665 857 1726 tn
877 1656 911 1725 id
932 1658 1067 1746 lacere,
1096 1658 1184 1746 quod
1211 1665 1247 1727 et
1273 1660 1389 1730 iecisti

206 1793 210 1802 ·
326 1768 473 1857 egregie
492 1772 528 1834 ot
547 1765 653 1853 iacis,
676 1773 713 1832 ut
729 1782 985 1850 commemores,
1006 1751 1132 1851 quauta
1151 1766 1197 1832 sit
1216 1768 1252 1833 in
1273 1766 1387 1854 publi-

326 1873 421 1940 canis
448 1871 616 1959 ugnitm,
645 1875 804 1956 quantum
830 1867 895 1939 n'os
915 1870 964 1937 illi
990 1871 1098 1939 ordini
1119 1871 1319 1960 debeamus,
1348 1878 1387 1946 ut

325 1982 454 2047 remoto
475 1976 611 2065 imperio
639 1993 680 2043 so
708 1977 742 2043 vi
770 1979 952 2064 potestatis
972 1967 1008 2046 et
1027 1978 1168 2046 fascium
1188 1979 1387 2066 publicanos

326 2102 401 2152 cum
420 2082 562 2152 Graecia
581 2084 695 2171 gratia
714 2088 816 2171 atque
839 2085 1042 2152 auctoritate
1062 2086 1263 2174 coniungas.
1312 2084 1386 2154 Sed

327 2195 364 2257 et
388 2190 432 2258 ab
456 2190 518 2281 iis,
550 2189 593 2258 de
622 2188 739 2277 quibus
770 2191 893 2278 optime
920 2196 958 2258 tu
977 2193 1115 2261 meritus
1136 2211 1176 2259 es
1196 2198 1230 2261 et
1252 2193 1307 2280 qui
1326 2191 1388 2259 tibi

328 2297 438 2366 omnia
465 2296 612 2385 debent,
641 2295 707 2363 boc
730 2304 851 2384 petas,
878 2302 917 2367 ut
942 2299 1106 2368 facilitate
1133 2318 1196 2365 sua
1221 2317 1284 2366 nos
1311 2318 1387 2365 cam

327 2402 629 2489 necessitudinem,
659 2420 746 2489 quae
771 2407 827 2470 est
845 2403 944 2471 nobis
961 2422 1037 2470 cum
1057 2403 1266 2491 pullicenis,
1297 2404 1388 2471 obti-

227 2522 286 2594 ne,
327 2528 410 2581 nere
430 2516 465 2577 et
485 2525 689 2575 conseruere
709 2507 888 2600 patiantur.
939 2507 1012 2579 Sed
1038 2506 1115 2596 quid
1142 2527 1211 2598 ego
1239 2513 1275 2577 te
1302 2508 1390 2581 haee

329 2612 463 2703 hortor,
483 2628 568 2698 quae
588 2613 625 2681 tu
645 2630 714 2680 non
734 2613 833 2682 modo
854 2614 967 2682 lacere
983 2619 1083 2701 putes
1099 2622 1157 2682 tua
1173 2619 1297 2702 sponte
1313 2616 1390 2683 sine

396 2827 422 2891 8.
474 2864 480 2876 .
511 2841 602 2893 paueat
619 2824 670 2878 sili
683 2827 831 2894 sempitern.
847 2834 926 2895 utque
942 2826 1033 2877 utrium.
1067 2822 1208 2878 Wialand.
1221 2820 1257 2875 ad
1272 2822 1327 2878 b.l.
1342 2820 1389 2875 ad·

331 2897 423 3012 macta
435 2886 613 3030 mmm
626 2889 941 3012 vtidserrifeesggdtgblitum
964 2898 1035 2968 quot
1053 2890 1125 2944 mala
1140 2889 1168 2943 iu
1186 2888 1262 2944 ballo
1279 2887 1388 2942 biitbri·

614 2976 632 3011 n
658 2976 678 3029 p
740 2975 755 3010 r

395 3044 455 3102 tm.
474 3053 501 3127 ἦ.
518 3045 559 3102 35.
592 3048 710 3120 reliqua,
728 3056 759 3102 ut
773 3047 944 3127 vectigalium
958 3047 1070 3105 exactio.
1083 3080 1117 3095 ·-
1149 3047 1262 3102 Possunt
1275 3046 1388 3117 provin·

331 3113 428 3182 cislae,
443 3113 545 3169 Asiani.
559 3141 593 3157 -
625 3114 708 3183 legem
720 3131 759 3183 sp.
776 3117 929 3170 emortum.
964 3115 1022 3170 Lex
1038 3113 1163 3170 censoria
1178 3113 1204 3167 lr.
1221 3113 1240 3167 l.
1255 3122 1297 3167 cst
1315 3110 1385 3173 sdic·

331 3190 391 3237 turn
413 3195 576 3242 musarum,
599 3195 657 3252 quo
680 3179 822 3254 vectigalia
836 3180 1020 3248 locabantur,
1046 3190 1074 3234 et
1096 3197 1142 3236 res
1162 3176 1387 3252 conditionesque

331 3246 499 3303 locationum
523 3245 719 3323 publicarum,
744 3258 829 3325 atque
853 3245 977 3319 erigendi
1003 3247 1075 3306 catio
1093 3246 1321 3321 proponebatur,
1352 3259 1386 3298 na

332 3313 516 3370 conductores
533 3311 613 3366 ninia
632 3311 783 3368 acerbitate
800 3320 827 3366 et
842 3312 956 3367 avaritia
975 3314 1062 3369 socios
1078 3312 1238 3387 perderent.
1272 3331 1299 3365 v.
1315 3309 1387 3366 Gall.

334 3382 379 3448 sb,
398 3400 436 3434 ιι.
461 3378 591 3435 lleineco.
602 3377 706 3456 antiqq.
720 3396 748 3448 p.
761 3379 802 3449 37.
834 3376 938 3438 Sensus
952 3380 1007 3434 loci
1022 3390 1080 3436 estc
1097 3381 1190 3459 Quum
1202 3378 1247 3433 lex
1263 3374 1387 3431 censoris

333 3447 472 3501 sociorum
485 3442 673 3517 potiusquam
687 3445 901 3515 publicanorum
914 3446 1064 3501 commodis
1077 3446 1250 3509 consuleret,
1266 3440 1386 3515 indeque

333 3526 367 3564 ex
384 3512 435 3566 lrac
451 3511 513 3589 legs
535 3510 563 3564 lu
578 3510 654 3587 ipsos
668 3509 806 3582 iniquiore
816 3509 965 3632 gubllcsni
982 3529 1046 3566 cum
1064 3510 1171 3565 Asianis
1189 3508 1329 3582 pactiones
1349 3509 1387 3561 iu·

333 3591 398 3631 cere
411 3576 535 3636 nollent·
552 3587 686 3650 pomum,
708 3577 798 3649 inquit
841 3576 933 3645 icaro,
957 3576 1141 3648 provinciales
1159 3576 1197 3631 its
1214 3591 1276 3631 curu
1296 3572 1387 3644 publi·

334 3640 409 3695 canis
426 3640 460 3694 de
475 3661 520 3698 ruo
540 3660 575 3710 o,
597 3640 631 3697 de
647 3658 696 3707 rs,
709 3641 745 3695 de
760 3653 888 3716 tempure
904 3642 1044 3714 pactiones
1060 3643 1170 3711 iacere,
1190 3650 1293 3699 utnon
1309 3655 1387 3718 spec·

334 3715 394 3762 tant
406 3706 584 3779 conditiones,
598 3724 671 3781 qnae
684 3709 712 3762 ln
726 3707 862 3763 locatione
872 3706 1044 3780 vectigalium
1058 3724 1073 3761 a
1085 3705 1246 3768 censoribus
1258 3714 1387 3759 restricte

334 3783 363 3829 at
375 3771 484 3850 definite
497 3785 562 3830 suut
576 3776 780 3852 praescriptae,
795 3773 844 3829 ssd
857 3782 889 3826 ut
904 3772 1043 3846 negotium
1055 3767 1163 3833 tacillus
1176 3780 1204 3825 et
1218 3767 1387 3835 commodius

335 3837 481 3915 confluunt
497 3851 525 3896 et
537 3841 693 3900 liberentur
708 3839 852 3910 molestia,
875 3853 961 3920 quarn
978 3839 1092 3913 capiunt
1107 3856 1140 3892 cx
1156 3853 1208 3903 eo,
1231 3834 1309 3914 quod
1326 3837 1386 3897 scre

335 3901 459 3977 quotidie
475 3907 653 3979 appellantur
667 3917 752 3979 atque
770 3902 908 3980 exigendus
924 3905 1103 3980 vectigalibus
1121 3911 1275 3975 urgentur,
1297 3902 1390 3965 usuris

335 3968 538 4028 exhauriuntur
554 3981 606 4025 stc.
621 4003 656 4014 -
687 3974 827 4041 leopatus
847 3970 927 4043 quasi
944 3969 1080 4026 mercedis
1097 3968 1170 4022 loco.
1187 3996 1220 4009 —
1248 3968 1388 4037 facilitate

336 4054 386 4093 auu
399 4049 465 4109 erga
477 4033 649 4108 publicanos,
663 4054 719 4092 non
732 4037 862 4092 acerbius
872 4048 922 4093 sut
932 4037 1094 4094 obstinatius
1105 4044 1203 4089 contra
1214 4049 1262 4090 sos
1275 4030 1388 4107 agendo.

402 4132 427 4202 ς.
444 4124 486 4185 dt·
519 4135 545 4183 tc
557 4124 619 4181 laec
634 4126 736 4182 tortor.
772 4127 814 4181 Dc
829 4122 933 4202 duplici
949 4142 1043 4208 secus.
1057 4144 1081 4179 ι.
1094 4124 1241 4196 Romans.
1255 4123 1309 4185 iar.
1322 4140 1348 4182 u·
1363 4138 1389 4186 s.
