3009 5067
355 325 382 389 4
494 326 531 384 n.
552 324 581 383 r.
604 295 785 384 cressonis
806 277 957 381 urtsrou.
981 322 1027 380 uo
1050 321 1079 391 o.
1103 322 1268 383 uunruuu

354 504 442 569 ultro
464 518 623 568 occurras
645 500 807 591 negotiis.
848 498 970 585 Neque
990 501 1076 594 enim
1098 499 1261 587 ejusmodi
1283 508 1420 588 partem

354 610 404 676 rei
424 607 579 695 publicae
599 608 715 696 geris,
740 608 779 673 in
800 624 866 692 qua
894 606 1030 673 fortuna
1057 606 1263 695 dominetur,
1290 609 1353 677 sed
1381 611 1421 675 in

354 735 421 802 qua
440 716 613 802 plurimum
633 715 720 780 ratio
741 714 851 801 possit
872 718 908 780 et
928 713 1115 802 diligentia.
1170 713 1265 796 Quod
1296 717 1327 781 si
1354 716 1419 781 tibi

355 822 477 888 bellurn
505 820 641 909 aliquod
669 840 828 910 magnum
856 822 892 885 et
918 821 1142 903 periculosum
1169 819 1421 888 administranti

356 933 577 1017 prorogatum
597 929 770 1015 imperium
787 923 957 1009 viderem,
977 930 1155 993 tremerem
1175 930 1304 1015 animo,
1326 928 1420 1014 quod

284 1121 291 1125 ἢ
326 1114 343 1119 ⁶
358 1034 476 1101 eodem
496 1040 562 1102 tem
590 1055 648 1101 ore
669 1048 749 1097 esse
769 1028 996 1116 intelligerem
1018 1033 1117 1096 etiam
1140 1033 1294 1103 fortunae
1314 1041 1417 1121 pote-

21 1128 53 1227 ἵ
86 1131 90 1138 ’
121 1207 132 1222 ,
160 1125 318 1208 ffb.
360 1144 482 1206 statem
502 1141 537 1203 iu
558 1156 621 1201 nos
667 1138 871 1221 rorogatam.
914 1136 1015 1200 Nunc
1031 1155 1114 1202 vero
1134 1155 1176 1203 ea
1194 1159 1274 1224 pars
1292 1142 1350 1207 tibi
1368 1140 1422 1207 rei
1483 1201 1484 1204 ,

21 1189 119 1320 ,ff
359 1244 513 1332 publicae
538 1240 714 1305 commissu
735 1243 807 1326 est,
834 1240 869 1304 in
889 1260 955 1327 qua
974 1245 1031 1306 aut
1052 1240 1176 1306 nullam
1197 1250 1256 1317 aut
1276 1245 1419 1328 perexi-
1483 1227 1484 1234 ἵ

216 1350 220 1360 ’
360 1366 462 1435 guam
488 1351 617 1432 partem
645 1344 780 1410 fortuna
807 1348 902 1413 tenet
928 1354 963 1413 et
991 1346 1178 1434 quaemihi
1205 1350 1278 1411 tota
1303 1348 1338 1411 in
1359 1354 1418 1411 tua
1483 1373 1484 1390 ¹

359 1454 486 1520 virtute
499 1471 539 1519 ac
552 1450 782 1518 moderatione
800 1452 899 1517 animi
915 1455 1027 1540 posita
1038 1471 1116 1518 esse
1130 1450 1296 1519 videatur.
1323 1450 1417 1515 Nul-
1483 1447 1484 1482 r

360 1562 433 1651 las,
455 1565 492 1625 ut
513 1561 650 1647 opinor,
677 1557 820 1623 insidias
840 1557 1004 1641 hostium,
1034 1557 1157 1623 nullam
1176 1556 1294 1644 proelii
1315 1556 1418 1621 dimi·
1483 1593 1484 1598 κ

362 1669 549 1754 ostionem,
580 1665 705 1731 nullam
726 1665 949 1731 defectionem
969 1665 1154 1753 sociorum,
1187 1662 1310 1729 nullam
1339 1663 1420 1726 ino·
1483 1751 1484 1754 Ἴ

292 1799 298 1804 ·
361 1781 450 1861 piam
470 1771 629 1860 stipendii
650 1777 710 1838 aut
729 1773 780 1837 rei
798 1771 1058 1860 frumentariae,
1079 1771 1202 1838 nullam
1217 1770 1420 1836 seditionem
1483 1763 1484 1804 ³

360 1880 531 1948 exercitus
553 1879 837 1965 pertimescimusz
865 1896 952 1964 quae
973 1897 1139 1965 persaepe
1156 1877 1423 1965 ,sapientissimis

362 1985 446 2052 viris
466 1984 680 2073 acciderunt,
710 1990 766 2069 ut,
787 1982 1062 2071 quemadmodum
1082 1982 1331 2071 gubernatores
1353 2001 1419 2067 op·
1483 1981 1484 2014 l

362 2095 432 2160 timi
448 2095 516 2160 vim
529 2094 761 2179 tempestatis,
782 2092 833 2156 sio
847 2089 896 2155 illi
913 2090 1070 2158 fortunae
1084 2093 1240 2177 impetum
1257 2107 1420 2176 superare
1483 2083 1484 2112 l

362 2218 429 2265 nou
450 2203 603 2287 possent.
646 2199 722 2266 Tibi
743 2199 823 2265 data
842 2204 898 2265 est
917 2216 1045 2264 summa
1064 2218 1154 2286 pax,
1174 2216 1301 2263 summa
1322 2202 1420 2262 trau·

363 2308 527 2397 quillitas:
555 2308 605 2373 ita
630 2310 762 2394 tamen,
791 2310 829 2370 ut
855 2324 896 2373 ea
917 2303 1135 2370 dormientem
1156 2302 1420 2387 gubernatorem

289 2395 324 2481 6.
360 2414 416 2481 vel
439 2414 599 2496 obruere,
619 2410 819 2494 vigilantem
840 2409 941 2471 etiam
962 2407 1133 2472 delectare
1154 2407 1279 2505 possit.
1321 2403 1417 2471 Con-

230 2531 233 2536 “
362 2523 431 2586 stat
451 2518 537 2584 enim
560 2532 602 2580 ea
614 2511 789 2597 provincio
803 2510 944 2595 primum
964 2531 1009 2578 ex
1030 2528 1071 2576 eo
1086 2528 1216 2597 genere
1232 2510 1417 2592 sociorum,

363 2603 450 2710 quod
471 2625 525 2686 est
546 2636 590 2683 ex
610 2616 777 2680 hominum
794 2614 883 2678 omni
899 2635 1030 2703 genere
1044 2617 1331 2682 humanissimum:
1353 2617 1417 2683 de-
1482 2637 1483 2660 ³

361 2727 441 2795 iude
458 2743 557 2791 exeo
575 2739 705 2809 genere
719 2717 856 2805 civium,
874 2721 930 2806 qui
943 2727 1021 2809 aut,
1038 2722 1125 2810 quod
1140 2723 1308 2810 publicani
1323 2731 1418 2812 sunt,

365 2852 427 2900 nos
448 2847 577 2896 summa
596 2827 847 2894 necessitudine
866 2828 1060 2914 attingunt:
1082 2832 1158 2915 aut,
1180 2828 1268 2914 quod
1288 2830 1336 2900 ita
1355 2847 1419 2894 ne-

363 2939 558 3029 gotiantur,
587 2939 625 3000 ut
644 2934 832 3021 locupletes
851 2936 937 3024 sint,
965 2936 1074 3001 nostri
1095 2934 1416 3016 consulatusbene-

364 3045 439 3111 ticio
460 3061 499 3108 se
520 3042 703 3109 incolumes
723 3041 876 3107 fortunas
896 3041 1021 3108 babere
1041 3039 1254 3106 arbitrantur.

430 3216 452 3282 §·
470 3211 494 3265 5.
526 3211 553 3262 in
570 3230 622 3283 quo
712 3224 783 3263 tenet
804 3239 836 3261 =
857 3214 961 3284 inqua
981 3211 1417 3282 administrandanihilautpcr·
1482 3225 1483 3244 ¹

365 3277 491 3349 exiguum
508 3277 648 3331 asortuna
683 3275 773 3330 endet.
788 3311 817 3321 -
851 3280 918 3332 null.
929 3280 1112 3349 presidiante.
1127 3279 1143 3330 i.
1158 3278 1303 3331 euullum
1320 3276 1416 3348 proelii
1482 3331 1483 3340 ἵ

365 3343 512 3399 discrimen
533 3360 554 3396 s.
570 3295 725 3415 perionium
743 3344 910 3417 omninoque
927 3345 1035 3398 nullum
1056 3343 1253 3414 proelium;.v.
1266 3345 1325 3396 Cic.
1338 3351 1370 3397 ll.
1383 3345 1415 3394 D.
1482 3343 1483 3352 ’

366 3426 396 3479 a,
412 3415 483 3463 b.-
517 3427 629 3480 quae:
648 3409 748 3480 qualia.
766 3444 797 3453 -
830 3430 887 3480 sap.
906 3413 983 3472 m'rr's.
1003 3422 1033 3464 ut
1046 3411 1164 3464 Lucullo
1181 3410 1208 3462 iu
1224 3409 1299 3462 bello
1315 3400 1416 3460 olibri-

366 3475 511 3529 datico...
544 3475 586 3525 nel
602 3475 718 3526 obruere.
747 3476 821 3532 Part.
834 3479 891 3539 ael,
930 3494 991 3529 uam
1007 3478 1116 3531 Ernest.
1130 3472 1273 3527 delendam
1289 3473 1416 3527 censebat

366 3538 521 3614 delevitque
537 3541 652 3607 Metto..
671 3540 759 3609 proba
772 3541 882 3596 videtur
898 3492 1026 3614 liemque
1045 3542 1118 3595 velet
1134 3543 1210 3611 quod
1227 3542 1322 3600 cariam,
1335 3539 1417 3601 udro;
1482 3609 1483 3612 Ἴ

366 3622 474 3660 sensum
486 3606 595 3661 Sobila.
613 3616 689 3660 recte
703 3606 803 3662 indicat
819 3610 860 3662 bis
877 3608 986 3662 verbisz
1003 3624 1075 3678 quae
1091 3605 1269 3660 dormientem
1284 3605 1416 3676 gubernu-

365 3680 454 3725 torem
470 3689 525 3726 non
540 3682 645 3726 tuntum
660 3673 793 3739 turbare,
811 3674 857 3728 sed
871 3677 950 3725 etiam
963 3672 1086 3727 obruere
1101 3672 1191 3744 possit.
1202 3703 1234 3714 -
1263 3672 1360 3741 possit.
1376 3672 1416 3722 De
1482 3697 1483 3712 2

366 3738 501 3802 eonipnet.
518 3755 624 3810 prees,
641 3740 824 3812 praecedente
841 3740 984 3813 perfecto,
1007 3758 1033 3795 v.
1049 3740 1159 3811 Zumpt.
1173 3735 1196 3805 §.
1212 3738 1269 3803 514.
1290 3736 1360 3807 Nep.
1375 3734 1417 3803 11,

368 3821 398 3856 r·
423 3819 454 3855 ro
487 3823 508 3858 r.
1208 3851 1209 3856 ,

389 3844 398 3873 ’
431 3842 496 3935 §.⁹b.
529 3889 560 3923 ra
576 3890 606 3923 eo
617 3890 676 3941 gen.
694 3888 748 3926 roc.
765 3872 938 3926 Graecorum
952 3870 1131 3939 Asianorum,
1149 3868 1251 3941 quibus
1267 3867 1339 3921 inira
1353 3864 1374 3933 b.
1387 3883 1417 3934 ²7

366 3935 466 4000 Afros,
487 3936 622 4004 Hispanos
640 3947 668 3990 et
684 3938 790 4003 Gallos,
812 3941 940 3990 immunes
955 3949 982 3990 et
1001 3937 1135 3991 barbaras
1151 3934 1285 4000 nationes,
1301 3932 1417 4005 opponit.

367 4033 398 4044 -
416 4019 448 4051 ec
461 4017 490 4051 eo
502 4017 598 4067 genere
614 4005 716 4054 orbium.
740 4004 813 4057 Sunt
827 4003 959 4070 Romani,
975 4014 1003 4057 ot
1017 4003 1096 4057 sociis
1110 4011 1300 4074 opponuntur.
1311 4032 1343 4044 -
1372 4016 1418 4049 nos

366 4084 460 4120 sumu.
473 4082 569 4120 necess.
582 4070 738 4134 attrbgunt,
760 4068 826 4139 quia
843 4067 965 4135 ejusdcm
982 4087 1044 4122 cunr
1060 4069 1194 4122 Cicerone
1209 4066 1313 4121 ordinis
1329 4074 1418 4131 eraut,

369 4147 521 4205 eorumque
543 4147 652 4187 eausam
675 4148 759 4204 saepe
777 4130 920 4188 adiurerat
937 4136 1044 4190 Cicero.
1068 4153 1094 4190 v.
1111 4132 1146 4188 ad
1163 4139 1221 4189 stt.
1244 4153 1272 4201 ι,
1289 4150 1331 4205 17,
1347 4147 1373 4198 q.
1388 4162 1417 4171 —
