3009 5067
526 316 588 378 tu.
609 314 629 376 t.
670 301 720 404 ur.
741 313 762 376 t
1139 315 1162 380 v

114 514 184 587 ego
204 495 346 564 arbitror
356 542 367 584 ,
387 495 584 584 praesertim
603 500 703 581 quum
722 495 851 562 scribut
870 495 1065 587 historiam,
1083 495 1171 563 mul-

28 677 30 684 ,
87 608 170 671 tos
195 621 240 670 ex
266 604 338 669 suis
368 593 546 669 annalibus
573 613 677 687 posse
707 597 883 691 deligere,
915 623 997 691 quos
1026 603 1112 674 velit
1138 608 1174 670 et

113 712 224 804 possit
243 702 387 777 imitari:
419 706 575 774 Allienus
596 710 706 773 autem
726 714 843 776 noster
868 714 923 776 est
948 721 1045 796 quum
1065 711 1174 777 animo

117 822 155 884 et
183 815 440 903 benevolentia,
475 818 544 879 tum
571 819 655 880 vero
683 813 783 904 etium
813 816 995 883 imitatione
1025 813 1239 888 viventia.
1327 831 1330 840 ’

117 919 207 992 Nem
229 919 307 1008 quid
329 935 396 1008 ego
418 919 459 986 de
474 918 625 987 Gratidio
647 909 784 986 dicam‘l
806 940 903 1007 quem
924 927 1016 988 certo
1037 924 1106 989 scio
1125 924 1175 988 ita

95 1029 272 1108 -laborcre
299 1025 341 1092 de
368 1027 614 1104 existimatione
641 1037 724 1115 suta,
758 1030 796 1091 ut
821 1030 958 1113 propter
977 1035 1121 1094 umorem
1139 1025 1176 1092 in'

117 1155 182 1201 nos
208 1135 389 1201 fraternam
417 1136 518 1201 etiam
544 1131 587 1201 de
616 1129 732 1200 nostru
758 1131 898 1200 laboret.
955 1133 1174 1216 Quaestore'm
1256 1164 1265 1181 ·

118 1238 224 1304 hebes
244 1257 310 1303 non
330 1242 387 1304 tuo
407 1229 529 1305 ludiclo
551 1237 736 1328 delectum,
766 1238 828 1305 sed
857 1257 949 1329 eum,
977 1260 1073 1327 quem
1100 1260 1176 1309 sors

77 1375 83 1383 ·
118 1343 221 1410 dedit.
261 1343 360 1411 Hunc
381 1348 512 1432 oportet
532 1348 567 1411 et
586 1353 650 1411 sua
671 1350 791 1434 sponte
812 1352 892 1414 esse
910 1346 1116 1415 moderatum
1140 1341 1182 1415 et‘

115 1449 186 1514 tuis
210 1449 375 1516 institutis
403 1468 444 1518 ac
471 1452 663 1538 praeceptis
685 1453 944 1539 obtemperare.=
978 1452 1122 1546 Quorum
1144 1457 1175 1521 si

116 1556 192 1642 quis
212 1555 300 1623 forte
321 1561 416 1624 esset
436 1547 619 1647 sordidior,
648 1561 758 1627 ferres
786 1565 947 1650 eatenus,
979 1560 1087 1648 quoad
1114 1583 1176 1649 per

116 1679 157 1728 se
176 1662 375 1751 negligeret
393 1680 454 1729 eas
474 1664 598 1755 legeS,
619 1663 737 1751 quibus
758 1673 853 1735 esset
872 1668 1055 1737 adstrictus
1068 1691 1090 1753 :¹
1108 1668 1175 1734 non

115 1770 154 1833 ut
174 1788 216 1837 ea
236 1754 444 1859 potesttte,
460 1777 556 1857 quam
582 1775 619 1837 tu
646 1772 691 1841 ad
717 1773 916 1863 dignitatem
942 1773 1174 1860 permisisses,

115 1873 160 1941 ad
181 1883 354 1963 quaestum
375 1882 536 1946 uteretur.
584 1875 705 1967 Neque
732 1882 820 1970 cuim
840 1880 921 1946 mibi
941 1898 1025 1946 saue
1045 1880 1174 1968 placet,
1238 1871 1239 1874 ’

113 1986 313 2080 praesertim
335 1995 433 2073 quum
454 1983 488 2051 hi
508 1973 617 2055 mores
637 1990 764 2054 tantum
785 1987 852 2053 iam
872 1986 915 2052 ad
935 1987 1068 2074 nimiam
1085 1986 1174 2051 leni-

117 2095 220 2161 tatem
242 2100 277 2159 et
296 2093 340 2160 ad
361 2093 570 2160 ambitionem
590 2095 819 2183 incubuerint,
840 2096 983 2161 scrutari
1005 2100 1040 2160 te
1060 2113 1174 2161 omnes

116 2198 256 2285 sordes,
282 2205 442 2270 excutere
462 2203 563 2296 unum
588 2207 749 2286 quemque
776 2218 909 2266 eorumz
941 2200 1022 2287 sed,
1053 2205 1176 2287 quanta

118 2353 261 2407 Ciceronis
280 2351 398 2419 amicus,
416 2362 480 2432 pest
499 2353 648 2422 affinia,'in
664 2354 742 2408 bello
760 2355 838 2433 ,civili
860 2372 876 2434 a
895 2356 1019 2434 Pompeii
1034 2348 1176 2427 partibus,

31 2472 33 2475 Α
118 2427 183 2539 gest
201 2436 320 2538 pugnfirg
338 2415 524 2474 Pharsalicam
541 2415 741 2542 cunfigmff
759 2437 786 2500 m
804 2420 1040 2543 ςιῖιῖῑιειίῖὶηΙῖθιὲιη.3
1059 2423 1178 2543 Sfiripsit

138 2496 256 2541 istoriam
318 2501 441 2548 manant,
467 2501 499 2539 ex
516 2502 573 2556 qua
613 2504 690 2546 trus,
737 2497 797 2542 usit.
860 2525 868 2540 .
913 2503 958 2541 e.
998 2528 1006 2556 ,
1040 2526 1047 2541 .
1099 2493 1177 2564 tul„

119 2553 160 2606 nd.
182 2569 226 2621 te,
243 2570 266 2635 9.
307 2549 367 2609 nso
384 2549 591 2606 confundendus
606 2567 669 2607 curn
686 2549 720 2629 Q
737 2552 999 2621 meliorationum,
1023 2553 1071 2625 qui
1089 2555 1177 2625 philo·

116 2635 148 2673 so
168 2618 228 2673 hiae
245 2616 369 2689 rurisque
385 2618 497 2673 scientia
513 2617 648 2673 excelluit.
663 2649 696 2659 -
729 2623 763 2675 A.
777 2620 909 2682 Allz'cnus,
926 2617 1045 2678 Lentulo
1061 2630 1089 2675 et
1102 2623 1176 2676 Mar-

117 2640 189 2738 cello
206 2683 285 2749 Coss.
303 2694 418 2755 praetor
436 2685 540 2752 factrus,
564 2695 661 2756 postea
677 2685 785 2758 legatus
801 2684 980 2750 Dolabellae,
1005 2686 1033 2740 in
1051 2696 1177 2740 extremo.

116 2751 253 2807 libertatis
268 2749 551 2805 certamineCassium
567 2759 686 2805 secutus'
696 2761 743 2805 est.
757 2784 791 2796 --
823 2752 860 2803 M.
870 2753 1019 2814 Gratidius,
1033 2770 1120 2823 nepos
1136 2753 1176 2807 Μ.

117 2813 236 2871 Gratidii
249 2816 404 2889 Arpinatis,
423 2818 501 2885 cujus
516 2832 599 2870 soror
614 2818 780 2871 Ciceronum
795 2816 855 2869 avia
868 2827 947 2885 erat,
961 2819 1044 2873 fuisse
1055 2818 1175 2880 videtur.

119 2883 155 2935 V.
173 2884 228 2939 Cic.
245 2888 324 2938 Brut.
338 2885 387 2951 45,
406 2883 459 2937 168.
477 2882 511 2955 de
529 2883 600 2956 legg.
615 2883 647 2949 3,
664 2884 703 2940 ιθ.
717 2917 751 2927 -
780 2885 868 2940 ‚tabor
884 2885 915 2934 de
932 2901 972 2937 ec.
988 2890 1038 2938 stoa
1051 2885 1068 2939 i.
1081 2903 1105 2939 e.
1119 2903 1175 2939 orn·

118 2963 181 3004 nem
196 2948 263 3004 dare
280 2965 409 3021 operam,
426 2960 457 3002 ut
471 2949 573 3002 bonam
587 2959 681 3004 teneat
695 2950 805 3003 famam.

186 3012 210 3082 l.
230 3035 268 3072 ιι.
304 3017 482 3081 Quaestorem.
514 3016 554 3068 Ex
571 3014 666 3069 Sullae
684 3014 825 3069 dictatoris
842 3013 964 3069 instituto
985 3011 1077 3090 viginti
1095 3026 1176 3085 quot·

118 3079 194 3132 annis
216 3082 382 3136 creabantur
407 3090 588 3162 quaestores,
619 3097 739 3152 quorum
766 3080 822 3133 duo
847 3079 984 3150 (urbani)
1006 3081 1106 3136 aerarii
1130 3099 1175 3134 cu·
1257 3091 1260 3098 '

118 3161 178 3198 ram
194 3143 350 3213 habebant,
367 3147 484 3218 reliqui,
501 3143 681 3216 provinciales
700 3148 845 3218 appellati,
868 3145 920 3199 sub
937 3147 1110 3201 Proconsule
1127 3156 1175 3200 aut

119 3213 253 3264 Praetura
274 3211 378 3266 reditus
400 3212 528 3285 publicos
549 3213 576 3265 iu
598 3213 747 3285 provinciis
771 3210 1013 3279 administrabant,
1043 3223 1175 3282 sorteque

117 3275 293 3349 legebantur.
337 3278 492 3349 Quaestor,
515 3279 655 3348 proximus
672 3288 736 3351 post
751 3278 904 3349 praesidem
920 3277 1079 3348 provinciae
1095 3278 1175 3350 megi·

119 3351 239 3410 stratus,
267 3340 321 3400 Boe
346 3341 495 3398 decedente
522 3343 675 3413 usquedum
692 3360 835 3399 successor
860 3345 981 3411 veniret,
1011 3343 1085 3399 itlius
1105 3342 1175 3396 vices

119 3399 281 3464 sustinood.
296 3444 329 3454 -
353 3410 457 3480 ferres,
474 3407 498 3460 ei
513 3407 685 3479 indulgeres,
700 3411 867 3483 ignosceres.
885 3440 917 3451 -
946 3427 1039 3479 perse
1057 3409 1075 3462 i.
1083 3425 1107 3461 e.
1121 3410 1176 3479 pri·

121 3481 215 3541 vatus,
240 3485 268 3530 et
285 3473 431 3536 eomodo,
455 3488 512 3544 quo
526 3483 621 3545 posset
637 3475 733 3543 etiam,
753 3476 776 3530 si
791 3494 846 3529 nou
862 3485 936 3530 esset
954 3476 1076 3548 legatus,
1115 3492 1175 3528 uae·

120 3550 196 3609 ator,
214 3542 281 3595 etin
294 3541 378 3595 rebus
394 3539 517 3612 privatis,
533 3556 589 3592 non
604 3539 772 3611 publicin-
805 3560 849 3594 eas
863 3543 945 3610 leges,
977 3551 1090 3594 .es.reta
1122 3552 1175 3605 tr„

121 3607 222 3679 quibus
239 3608 394 3679 quaestoris
409 3616 530 3679 potestas
546 3606 756 3679 circumscripta
774 3617 831 3676 est,
853 3624 926 3679 quae
940 3559 974 3661 ,5
989 3606 1080 3676 ipsum
1099 3606 1175 3660 dum·

121 3682 211 3741 taxat,
235 3691 292 3730 non
308 3673 342 3727 ad
359 3684 434 3728 tuam
452 3672 533 3726 etiam
549 3670 706 3751 dignitatern
723 3672 934 3747 pertincant-
966 3674 1003 3725 ad
1020 3673 1175 3741 drgnr'tatem

122 3755 198 3792 suam
209 3735 349 3794 tuendam.
371 3737 461 3792 Licuit
476 3738 547 3791 enim
562 3739 723 3810 provinciae
738 3739 857 3807 rectori,
870 3737 957 3792 multa
971 3755 1021 3792 suo
1033 3738 1175 3810 quaestori
1264 3757 1266 3759 ·

122 3816 236 3875 praeter
254 3806 401 3879 legitimam
417 3804 503 3876 ipsius
523 3811 688 3876 potestatem
711 3807 881 3876 permittere.
898 3836 929 3846 -
962 3806 993 3857 ln·
1007 3823 1093 3857 mores
1114 3806 1132 3859 i.
1149 3821 1173 3857 e.

121 3870 207 3923 nostri
222 3873 360 3945 temporis
374 3904 408 3914 -
441 3883 545 3922 tactum
559 3872 619 3925 icat.
637 3870 676 3924 Io.
688 3868 766 3925 Frid.
774 3872 896 3925 Gronov.
914 3887 990 3943 susp.
1004 3882 1109 3923 tantum
1123 3887 1174 3921 noa

122 3934 141 3990 l.
154 3952 177 3989 e.
190 3953 294 4009 prope,
311 3949 407 4011 paene.
434 3935 636 4002 Facoiotponi.
652 3953 733 4008 queat
747 3939 772 3989 a·
782 3954 868 3988 mares
880 3939 945 3998 sabat,
958 3949 989 3989 ut
1000 3939 1054 3989 som
1067 3936 1108 3987 ‘ud
1123 3943 1174 3988 etc.

89 4007 92 4010 “
121 4036 155 4046 -
172 4002 303 4055 leuitctem
319 4005 460 4058 rectorum
477 4002 651 4073 provinciae,
676 4004 841 4056 ambitionem
856 4002 1026 4075 legatorum,
1048 4004 1174 4073 quaesto·

122 4085 185 4122 rntn
199 4078 251 4122 eet.
264 4099 295 4111 ·-
328 4071 491 4124 incubuerint
503 4095 536 4120 =
552 4069 704 4151 vergeiint,
721 4067 917 4123 inclinaverint.
930 4103 965 4115 -
981 4077 983 4082 '
998 4085 1093 4121 omnes.
1108 4062 1174 4118 Er‘n.

123 4145 198 4207 susp.
214 4137 326 4187 nmmum
343 4136 414 4191 sord.
429 4168 463 4180 -
496 4135 602 4199 sorba,
618 4134 790 4207 iniquitates,
807 4136 974 4207 pravitates,
991 4132 1119 4187 avaritiae
1135 4129 1174 4185 ia·
