3009 5067
531 302 595 411 lalB.
608 302 646 362 ⁴11.
685 302 738 363 nt.
760 302 816 363 xit.
1145 297 1223 367 ’Μ’

146 500 242 573 qaam
263 484 392 572 reliqua
411 483 591 553 discutere.
633 482 705 551 Sed
724 500 793 551 nou
813 485 956 573 lemur,
975 489 1014 553 ut
1032 485 1125 553 illum
1144 486 1201 552 cir·

146 592 298 682 tendam,
333 610 378 658 ne
408 590 562 677 imploret
589 587 688 655 fidem
717 587 809 654 lovis
840 588 1047 678 Hospitalis,
1081 590 1202 659 Graios

143 716 262 765 omues
291 699 472 781 convocet,
504 713 566 779 per
592 711 678 780 quos
704 711 832 761 mecum
859 695 895 761 in
921 696 1067 783 gratiam
1092 698 1203 764 rediit.

147 805 363 890 Theopompo
384 799 642 867 satisfaciemus.
682 799 736 866 lle
757 797 906 868 Caesare
926 800 1064 889 fugerat
1083 821 1136 868 me
1155 803 1200 869 sd
1240 782 1278 848 4·

144 914 180 978 te
201 910 361 975 scribere.
413 905 520 974 Video
548 909 652 997 enim,
682 923 766 992 quus
787 900 960 973 tu‘literas
981 909 1201 994 exspectaris.

147 1014 220 1084 Sed
246 1014 305 1080 ille
330 1013 465 1098 scripsit
485 1011 529 1079 ad
550 1013 692 1080 Balbum
712 1010 907 1078 fasciculum
927 1013 1018 1078 illum
1038 1012 1202 1100 epistola·
1265 1067 1270 1071 .

147 1140 241 1206 rum,
271 1120 306 1184 in
327 1137 391 1204 quo
412 1119 523 1184 iuerat
545 1121 580 1183 et
600 1137 676 1184 mea
697 1121 732 1184 et
751 1119 871 1206 Balbi,
901 1124 1005 1186 totum
1025 1120 1089 1187 sibi
1115 1139 1203 1207 aqua

58 1288 62 1299 .
145 1223 311 1291 madidum
325 1223 489 1292 redditum
502 1240 604 1291 csse:
625 1228 720 1291 utne
733 1220 815 1291 illud
829 1225 961 1302 cuidem
974 1228 1080 1315 sciat,
1095 1244 1202 1293 meam

141 1330 251 1399 luisse
271 1330 415 1416 aliquam
431 1329 619 1416 epistolam.
661 1328 734 1398 Sed
755 1351 800 1399 ex
812 1331 911 1398 Bulbi
929 1331 1080 1418 epistola
1093 1350 1203 1419 pauca
1262 1397 1265 1404 ,

143 1438 248 1505 verba
268 1437 504 1526 intellexerat,
527 1435 571 1502 ad
592 1449 679 1524 quae
699 1439 876 1525 rescripsit
895 1438 948 1505 his
968 1440 1104 1508 verbis:
1124 1439 1202 1506 »lle
1286 1465 1291 1479 .

142 1540 307 1611 Cicerone
326 1549 361 1610 tc
381 1542 481 1609 video
503 1541 659 1629 quiddam
687 1545 889 1634 scripsisse,
921 1545 1010 1632 quod
1038 1564 1105 1636 ego
1133 1566 1201 1615 non

140 1649 315 1717 intellexi:
344 1652 499 1736 quantum
524 1652 636 1715 autem
664 1651 858 1718 coniectura
885 1652 1134 1741 consequebar,
1166 1652 1203 1720 id

141 1761 217 1822 erat
244 1755 425 1844 eiusmodi,
457 1759 496 1822 ut
521 1756 633 1843 magis
665 1754 846 1844 optandum
874 1775 971 1845 qnam
999 1756 1202 1844 sperandum

140 1864 329 1947 putarem«
370 1861 490 1948 ltaque
509 1865 632 1949 postea
648 1862 724 1933 misi
739 1858 783 1928 ad
796 1860 1119 1932 Gaesaremeodem
1140 1864 1199 1930 illo
1264 1886 1274 1904 ·

140 1968 293 2053 exemplo
314 1967 442 2034 literas.
490 1968 603 2035 locum
631 1972 742 2038 autem
768 1968 858 2034 illius
887 1969 930 2036 de
956 1988 1021 2035 sua
1041 1973 1201 2058 egestate
1266 2032 1270 2042 ,

139 2090 184 2138 ue
204 2075 253 2138 sis
273 2079 486 2158 aspernatus.
535 2071 592 2137 Ad
613 2090 709 2157 quem
729 2090 799 2158 ego
821 2077 981 2162 rescripsi
1000 2074 1084 2141 nihil
1104 2094 1201 2162 csse,

138 2174 226 2262 quod
245 2175 389 2262 posthac
410 2186 512 2241 arcae
528 2179 666 2242 nostrae
682 2175 804 2244 fiducia
820 2179 1049 2245 conturbaret:
1070 2180 1201 2266 lusique

140 2281 176 2347 iu
197 2299 238 2348 eo
258 2297 391 2367 genere
415 2283 452 2346 et
471 2279 680 2347 familiariter
706 2288 741 2349 et
769 2298 843 2347 cum
871 2281 1047 2370 dignitate.
1097 2286 1203 2350 Amor

139 2390 252 2481 sutem
277 2385 353 2453 eius
375 2403 466 2474 erga
492 2405 557 2462 nos
576 2386 745 2474 perfertur
769 2388 909 2455 omnium
928 2389 1054 2456 nuntiis
1075 2390 1200 2476 siugu-

139 2573 241 2644 rele'qoa
255 2573 384 2626 decutere
399 2571 545 2645 petitiones
566 2571 739 2644 reliquorum
755 2570 851 2627 codem
871 2571 953 2626 modo
971 2572 1063 2625 irritas
1082 2568 1201 2625 reddere

139 2638 184 2693 Cf.
201 2636 236 2692 ad
251 2637 276 2706 ᾗ.
291 2652 313 2695 a.
328 2668 361 2681 -
391 2637 560 2706 sansucium
575 2660 608 2687 τ
623 2652 680 2692 uon
699 2638 875 2693 committam.
891 2670 925 2682 -
957 2640 1026 2692 lcoie
1043 2638 1201 2707 Hospitalis,

138 2705 200 2770 Arte
226 2709 317 2773 ξενίου,
341 2703 389 2775 qui
410 2702 523 2759 iniurias
535 2703 689 2777 hospitibus
702 2705 790 2760 sactus
803 2704 944 2759 ulciscitur
959 2714 987 2759 ct
1001 2703 1028 2759 h.
1037 2703 1056 2758 1.
1069 2692 1210 2775 respectu'

138 2771 227 2843 reguli
242 2768 314 2824 illius
328 2770 467 2847 peregrini
482 2772 646 2827 nominatur.
660 2804 694 2816 -
717 2783 849 2832 consecet,
859 2770 888 2823 in
900 2786 944 2824 mc
960 2769 1076 2844 instiget.
1092 2802 1126 2815 -
1152 2786 1200 2840 per

139 2850 204 2908 quoe
220 2847 271 2890 etc.
288 2853 351 2902 res,
366 2850 451 2908 quarn
466 2836 595 2908 respicit,
611 2853 728 2909 prorsus
743 2838 836 2910 ignota
851 2847 902 2891 cst.

206 2925 233 2987 ς.
249 2921 273 2986 lp.
311 2916 487 2989 lbeopcmpo,
508 2917 627 2975 fortasse
642 2915 744 2985 eidem,
762 2918 839 2971 cuius
854 2917 956 2971 mentio
969 2917 1041 2972 lacta
1057 2927 1099 2972 est
1112 2934 1147 2974 su
1167 2933 1199 2971 ra

139 2982 160 3036 l.
176 3001 198 3036 t.
214 3000 257 3055 cp.
274 3001 298 3038 a.
311 2982 334 3053 i.
347 3002 381 3054 9,
408 2985 457 3057 qui
480 2995 511 3040 ut
529 2985 602 3040 inter
622 2986 728 3060 leg‘atos
744 2983 870 3038 Caesaris
886 2993 958 3037 essct
974 2983 1002 3036 iu
1019 2983 1122 3052 Gallia,
1144 2934 1201 3037 ior·

138 3052 212 3103 tasse
226 3060 372 3122 rogaverat
385 3052 511 3127 Quintus.
536 3054 573 3108 V.
586 3053 653 3106 Ern.
669 3051 723 3106 ind.
738 3050 826 3105 Cicer.
840 3084 875 3095 -
897 3049 1016 3117 sugeret
1029 3067 1081 3112 me,
1100 3066 1156 3103 uon
1171 3049 1200 3101 iu

141 3123 259 3168 mentem
273 3115 337 3167 milri
354 3127 477 3171 venerat.
494 3150 527 3162 --
561 3132 626 3189 potas
643 3130 674 3170 to
691 3117 785 3168 literas
800 3135 872 3186 cup..
896 3114 1024 3168 nimirum
1043 3131 1114 3186 quas
1132 3114 1201 3167 Gat-

80 3226 82 3229 ,
141 3178 197 3234 sari
220 3191 314 3250 posset
335 3179 488 3236 ostendere.
506 3214 539 3225 -
573 3184 686 3236 Bulbum
708 3181 824 3235 Lucium
844 3182 1018 3246 Cornelium,
1043 3178 1201 3252 gratiosissi-

140 3262 215 3298 mum
230 3244 304 3315 apud
318 3245 478 3319 Gaesarem,
495 3263 550 3317 pro
566 3265 624 3318 quo
642 3259 684 3303 est
697 3248 838 3305 Ciceronis
855 3247 952 3302 orado.
987 3247 1023 3302 V.
1044 3244 1079 3305 at
1090 3247 1148 3299 Att.
1169 3260 1200 3311 a,

141 3313 172 3379 3,
187 3310 212 3365 d.
229 3308 261 3377 8,
276 3328 299 3380 9.
320 3310 354 3362 ad
369 3310 422 3364 div.
438 3330 469 3381 7,
484 3330 508 3380 7.
523 3344 557 3358 -
590 3314 768 3376 intellexerat,
786 3314 880 3387 legera
897 3321 1036 3385 potuerat.
1051 3344 1083 3357 -
1115 3310 1147 3361 de
1160 3310 1201 3360 ci-

141 3394 234 3430 cerone
252 3377 364 3452 Quinto,
380 3374 427 3430 sed
443 3379 554 3429 Murcus
570 3394 684 3450 quoque
700 3378 813 3451 intelligi
830 3390 930 3450 potest.
957 3381 993 3434 V.
1010 3375 1125 3433 Alelen
1139 3377 1159 3428 l.
1173 3392 1198 3431 c.

141 3461 169 3514 p.
191 3441 244 3496 161.
261 3475 295 3488 -
327 3443 493 3507 bot'usmodi,
509 3443 583 3515 vulg.
601 3444 733 3501 eiusmodi.
749 3472 782 3485 -
814 3462 885 3512 mag,
897 3456 953 3525 opt.
966 3461 1045 3515 quum
1058 3457 1127 3511 sper.
1139 3453 1199 3510 put.

140 3508 269 3563 nimirum
285 3507 418 3583 Quintum
433 3508 719 3577 adsumentum,
736 3518 768 3563 ut
784 3524 898 3580 operam
911 3528 939 3564 ru
954 3509 1030 3562 hello
1046 3516 1166 3563 navaret.

224 3633 230 3646 .
248 3590 272 3645 5.
306 3591 393 3643 ecdem
408 3591 455 3661 illp
473 3591 600 3661 suompte,
622 3588 743 3644 eiusdem
758 3589 911 3665 argumenti
926 3606 1009 3661 quam
1024 3587 1200 3660 superiores,

184 3668 215 3708 ae
229 3670 301 3729 aqua
312 3654 562 3712 madidaelGacsart
576 3653 699 3710 redditae
712 3667 800 3710 eraut.
812 3682 845 3698 ·-
868 3659 954 3711 torum
970 3657 1003 3706 dc
1014 3673 1064 3706 eoa
1075 3666 1199 3723 meslete.

142 3671 245 3776 gustem
258 3722 424 3794 scripserat,
441 3714 586 3795 degentum
603 3722 724 3776 sibinen
740 3738 816 3785 esse,
832 3739 891 3794 quo
906 3721 1038 3800 Quintum
1053 3731 1146 3792 posset
1160 3718 1200 3774 di·

142 3797 219 3851 turc,
243 3787 363 3843 studium
378 3799 407 3842 et
422 3788 640 3842 benevolentiam
656 3787 681 3840 ei
696 3805 751 3843 non
770 3787 907 3844 defutura.
921 3818 953 3831 -
985 3804 1064 3839 arcae
1084 3798 1198 3839 mamae.

26 3906 30 3913 .
142 3854 226 3909 locus
239 3852 300 3908 ioco
316 3855 431 3913 relatas.
455 3853 492 3908 .Si
504 3865 552 3923 tu,
572 3853 600 3911 iu
622 3852 676 3920 uit,
697 3869 777 3926 eges,
798 3870 850 3908 noe
865 3871 921 3908 mon
936 3851 1114 3908 abundamus.
1146 3855 1200 3906 ltu·

142 3931 202 3990 quc
223 3931 429 3976 arcae-noemae
448 3920 505 3974 noli
522 3871 680 3987 comitiam
703 3937 766 3973 nam
785 3920 809 3974 ei
831 3918 986 3989 decoreris,
1013 3936 1065 3992 ego
1083 3928 1111 3973 ts
1132 3916 1198 3970 meis

143 3983 260 4038 nummis
274 3994 322 4038 tuo
339 4002 403 4041 aere
419 3987 508 4041 alieno
524 4003 580 4040 non
596 4003 630 4041 ex
651 3985 746 4040 edium.
763 4016 796 4029 -
828 3987 999 4039 remorderet
1014 4012 1047 4036 =
1063 3983 1198 4054 decoque·

142 4059 205 4171 fiel-tl,
220 4064 267 4169 acii
280 4050 399 4171 ilicem
415 4052 599 4117 contraheret
661 4051 806 4117 Juvenal.
822 4070 853 4123 7,
868 4070 923 4124 rap.
946 4048 1066 4108 Martial.
1079 4051 1156 4120 9,‹l,
1173 4047 1198 4102 5·
