<?xml version="1.0" encoding="UTF-8"?>
<!DOCTYPE html PUBLIC "-//W3C//DTD XHTML 1.0 Transitional//EN"
    "http://www.w3.org/TR/xhtml1/DTD/xhtml1-transitional.dtd">
<html xmlns="http://www.w3.org/1999/xhtml" xml:lang="en" lang="en">
 <head>
  <title>
</title>
<meta http-equiv="Content-Type" content="text/html;charset=utf-8" />
  <meta name='ocr-system' content='tesseract 3.04.00' />
  <meta name='ocr-capabilities' content='ocr_page ocr_carea ocr_par ocr_line ocrx_word'/>
</head>
<body>
  <div class='ocr_page' id='page_1' title='image "./mtulliiciceroni00hoffgoog_0031.png"; bbox 0 0 3009 5067; ppageno 0'>
   <div class='ocr_carea' id='block_1_1' title="bbox 372 272 1144 390">
    <p class='ocr_par' dir='ltr' id='par_1_1' title="bbox 372 272 1144 390">
     <span class='ocr_line' id='line_1_1' title="bbox 372 272 1144 390; baseline 0.006 -31"><span class='ocrx_word' id='word_1_1' title='bbox 372 339 376 346; x_wconf 81' lang='grc'><em>.</em></span> <span class='ocrx_word' id='word_1_2' title='bbox 497 298 728 361; x_wconf 73' lang='lat' dir='ltr'><strong>urrunnu.</strong></span> <span class='ocrx_word' id='word_1_3' title='bbox 824 272 829 287; x_wconf 77' lang='grc'><em>“</em></span> <span class='ocrx_word' id='word_1_4' title='bbox 973 385 976 390; x_wconf 21' lang='lat'>¹</span> <span class='ocrx_word' id='word_1_5' title='bbox 1101 292 1144 366; x_wconf 77' lang='lat' dir='ltr'><strong>to</strong></span> 
     </span>
    </p>
   </div>
   <div class='ocr_carea' id='block_1_2' title="bbox 31 479 1238 2275">
    <p class='ocr_par' dir='ltr' id='par_1_2' title="bbox 78 479 1238 1846">
     <span class='ocr_line' id='line_1_2' title="bbox 79 479 1142 574; baseline -0.001 -22"><span class='ocrx_word' id='word_1_6' title='bbox 79 502 249 574; x_wconf 75' lang='lat' dir='ltr'><strong>quumque</strong></span> <span class='ocrx_word' id='word_1_7' title='bbox 268 482 320 571; x_wconf 91' lang='lat' dir='ltr'><strong>id,</strong></span> <span class='ocrx_word' id='word_1_8' title='bbox 343 480 430 569; x_wconf 86' lang='lat' dir='ltr'><strong>quod</strong></span> <span class='ocrx_word' id='word_1_9' title='bbox 452 479 614 561; x_wconf 85' lang='lat' dir='ltr'><strong>dabatur,</strong></span> <span class='ocrx_word' id='word_1_10' title='bbox 633 497 701 548; x_wconf 89' lang='lat' dir='ltr'><strong>uon</strong></span> <span class='ocrx_word' id='word_1_11' title='bbox 722 486 816 547; x_wconf 89' lang='lat' dir='ltr'><strong>esset</strong></span> <span class='ocrx_word' id='word_1_12' title='bbox 830 480 1057 566; x_wconf 86' lang='lat' dir='ltr'><strong>interiturum,</strong></span> <span class='ocrx_word' id='word_1_13' title='bbox 1078 482 1142 552; x_wconf 89' lang='lat' dir='ltr'><strong>sed</strong></span> 
     </span>
     <span class='ocr_line' id='line_1_3' title="bbox 78 585 1142 677; baseline -0.002 -19"><span class='ocrx_word' id='word_1_14' title='bbox 78 594 117 658; x_wconf 90' lang='lat' dir='ltr'><strong>in</strong></span> <span class='ocrx_word' id='word_1_15' title='bbox 132 590 339 657; x_wconf 71' lang='lat' dir='ltr'><strong>ornamentis</strong></span> <span class='ocrx_word' id='word_1_16' title='bbox 353 586 470 672; x_wconf 89' lang='lat' dir='ltr'><strong>templi</strong></span> <span class='ocrx_word' id='word_1_17' title='bbox 482 586 643 671; x_wconf 87' lang='lat' dir='ltr'><strong>loturum,</strong></span> <span class='ocrx_word' id='word_1_18' title='bbox 666 589 701 649; x_wconf 92' lang='lat' dir='ltr'><strong>ut</strong></span> <span class='ocrx_word' id='word_1_19' title='bbox 718 605 786 650; x_wconf 91' lang='lat' dir='ltr'><strong>non</strong></span> <span class='ocrx_word' id='word_1_20' title='bbox 800 585 879 652; x_wconf 91' lang='lat' dir='ltr'><strong>mihi</strong></span> <span class='ocrx_word' id='word_1_21' title='bbox 893 588 1023 674; x_wconf 89' lang='lat' dir='ltr'><strong>potius,</strong></span> <span class='ocrx_word' id='word_1_22' title='bbox 1044 608 1142 677; x_wconf 83' lang='lat' dir='ltr'><strong>qoam</strong></span> 
     </span>
     <span class='ocr_line' id='line_1_4' title="bbox 79 689 1139 785; baseline 0 -22"><span class='ocrx_word' id='word_1_23' title='bbox 79 697 208 785; x_wconf 93' lang='lat' dir='ltr'><strong>populo</strong></span> <span class='ocrx_word' id='word_1_24' title='bbox 228 698 381 762; x_wconf 84' lang='lat' dir='ltr'><strong>Romano</strong></span> <span class='ocrx_word' id='word_1_25' title='bbox 404 710 445 757; x_wconf 93' lang='lat' dir='ltr'><strong>ac</strong></span> <span class='ocrx_word' id='word_1_26' title='bbox 467 689 532 776; x_wconf 83' lang='lat' dir='ltr'><strong>diis</strong></span> <span class='ocrx_word' id='word_1_27' title='bbox 550 691 790 758; x_wconf 82' lang='lat' dir='ltr'><strong>immortalibus</strong></span> <span class='ocrx_word' id='word_1_28' title='bbox 816 692 928 761; x_wconf 89' lang='lat' dir='ltr'><strong>datum</strong></span> <span class='ocrx_word' id='word_1_29' title='bbox 947 694 1139 765; x_wconf 83' lang='lat' dir='ltr'><strong>videretur:</strong></span> 
     </span>
     <span class='ocr_line' id='line_1_5' title="bbox 79 796 1173 888; baseline -0.005 -16"><span class='ocrx_word' id='word_1_30' title='bbox 79 811 198 872; x_wconf 71' lang='lat' dir='ltr'><strong>mmen</strong></span> <span class='ocrx_word' id='word_1_31' title='bbox 219 802 271 888; x_wconf 88' lang='lat' dir='ltr'><strong>id,</strong></span> <span class='ocrx_word' id='word_1_32' title='bbox 293 803 412 886; x_wconf 88' lang='lat' dir='ltr'><strong>inquo</strong></span> <span class='ocrx_word' id='word_1_33' title='bbox 434 802 507 863; x_wconf 90' lang='lat' dir='ltr'><strong>erat</strong></span> <span class='ocrx_word' id='word_1_34' title='bbox 528 796 697 884; x_wconf 75' lang='lat' dir='ltr'><strong>dignitas,</strong></span> <span class='ocrx_word' id='word_1_35' title='bbox 719 803 794 864; x_wconf 87' lang='lat' dir='ltr'><strong>erat</strong></span> <span class='ocrx_word' id='word_1_36' title='bbox 813 798 889 886; x_wconf 82' lang='lat' dir='ltr'><strong>lex,</strong></span> <span class='ocrx_word' id='word_1_37' title='bbox 914 804 989 867; x_wconf 85' lang='lat' dir='ltr'><strong>erat</strong></span> <span class='ocrx_word' id='word_1_38' title='bbox 1008 818 1140 887; x_wconf 85' lang='lat' dir='ltr'><strong>eornm,</strong></span> <span class='ocrx_word' id='word_1_39' title='bbox 1170 846 1173 854; x_wconf 80' lang='lat'>·</span> 
     </span>
     <span class='ocr_line' id='line_1_6' title="bbox 81 893 1142 1001; baseline -0.006 -22"><span class='ocrx_word' id='word_1_40' title='bbox 81 915 141 1001; x_wconf 85' lang='lat' dir='ltr'><strong>qui</strong></span> <span class='ocrx_word' id='word_1_41' title='bbox 162 908 350 987; x_wconf 85' lang='lat' dir='ltr'><strong>faciebant,</strong></span> <span class='ocrx_word' id='word_1_42' title='bbox 372 904 549 985; x_wconf 87' lang='lat' dir='ltr'><strong>voluntas,</strong></span> <span class='ocrx_word' id='word_1_43' title='bbox 571 900 801 988; x_wconf 84' lang='lat' dir='ltr'><strong>accipiendum</strong></span> <span class='ocrx_word' id='word_1_44' title='bbox 821 922 889 969; x_wconf 88' lang='lat' dir='ltr'><strong>non</strong></span> <span class='ocrx_word' id='word_1_45' title='bbox 909 905 1023 991; x_wconf 84' lang='lat' dir='ltr'><strong>putavi</strong></span> <span class='ocrx_word' id='word_1_46' title='bbox 1045 893 1142 992; x_wconf 68' lang='lat' dir='ltr'><strong>uuum</strong></span> 
     </span>
     <span class='ocr_line' id='line_1_7' title="bbox 81 1008 1141 1104; baseline -0.008 -18"><span class='ocrx_word' id='word_1_47' title='bbox 81 1019 163 1086; x_wconf 84' lang='lat' dir='ltr'><strong>aliis</strong></span> <span class='ocrx_word' id='word_1_48' title='bbox 184 1015 231 1083; x_wconf 83' lang='lat' dir='ltr'><strong>de</strong></span> <span class='ocrx_word' id='word_1_49' title='bbox 250 1012 378 1100; x_wconf 86' lang='lat' dir='ltr'><strong>causis,</strong></span> <span class='ocrx_word' id='word_1_50' title='bbox 399 1014 467 1077; x_wconf 92' lang='lat' dir='ltr'><strong>tum</strong></span> <span class='ocrx_word' id='word_1_51' title='bbox 482 1010 581 1075; x_wconf 91' lang='lat' dir='ltr'><strong>etiam</strong></span> <span class='ocrx_word' id='word_1_52' title='bbox 599 1012 636 1074; x_wconf 86' lang='lat' dir='ltr'><strong>ut</strong></span> <span class='ocrx_word' id='word_1_53' title='bbox 654 1008 764 1074; x_wconf 90' lang='lat' dir='ltr'><strong>animo</strong></span> <span class='ocrx_word' id='word_1_54' title='bbox 780 1009 940 1095; x_wconf 86' lang='lat' dir='ltr'><strong>aequiore</strong></span> <span class='ocrx_word' id='word_1_55' title='bbox 955 1009 1083 1104; x_wconf 81' lang='lat' dir='ltr'><strong>ferrent</strong></span> <span class='ocrx_word' id='word_1_56' title='bbox 1100 1012 1141 1100; x_wconf 91' lang='lat' dir='ltr'><strong>ii,</strong></span> 
     </span>
     <span class='ocr_line' id='line_1_8' title="bbox 82 1107 1238 1209; baseline -0.009 -21"><span class='ocrx_word' id='word_1_57' title='bbox 82 1123 208 1209; x_wconf 86' lang='lat' dir='ltr'><strong>quibus</strong></span> <span class='ocrx_word' id='word_1_58' title='bbox 226 1137 290 1185; x_wconf 92' lang='lat' dir='ltr'><strong>nec</strong></span> <span class='ocrx_word' id='word_1_59' title='bbox 310 1116 490 1198; x_wconf 80' lang='lat' dir='ltr'><strong>deberetur</strong></span> <span class='ocrx_word' id='word_1_60' title='bbox 509 1133 573 1182; x_wconf 88' lang='lat' dir='ltr'><strong>nec</strong></span> <span class='ocrx_word' id='word_1_61' title='bbox 593 1114 723 1181; x_wconf 71' lang='lat' dir='ltr'><strong>liceret,</strong></span> <span class='ocrx_word' id='word_1_62' title='bbox 766 1113 976 1202; x_wconf 79' lang='lat' dir='ltr'><strong>Quapropter</strong></span> <span class='ocrx_word' id='word_1_63' title='bbox 991 1117 1143 1185; x_wconf 87' lang='lat' dir='ltr'><strong>incumbe</strong></span> <span class='ocrx_word' id='word_1_64' title='bbox 1181 1107 1238 1178; x_wconf 73' lang='lat'><strong>2⁷.</strong></span> 
     </span>
     <span class='ocr_line' id='line_1_9' title="bbox 81 1221 1144 1312; baseline -0.003 -19"><span class='ocrx_word' id='word_1_65' title='bbox 81 1232 158 1293; x_wconf 90' lang='lat' dir='ltr'><strong>toto</strong></span> <span class='ocrx_word' id='word_1_66' title='bbox 181 1226 287 1292; x_wconf 87' lang='lat' dir='ltr'><strong>animo</strong></span> <span class='ocrx_word' id='word_1_67' title='bbox 308 1227 343 1289; x_wconf 88' lang='lat' dir='ltr'><strong>et</strong></span> <span class='ocrx_word' id='word_1_68' title='bbox 363 1221 474 1290; x_wconf 89' lang='lat' dir='ltr'><strong>studio</strong></span> <span class='ocrx_word' id='word_1_69' title='bbox 495 1222 583 1288; x_wconf 90' lang='lat' dir='ltr'><strong>omni</strong></span> <span class='ocrx_word' id='word_1_70' title='bbox 603 1222 637 1288; x_wconf 88' lang='lat' dir='ltr'><strong>in</strong></span> <span class='ocrx_word' id='word_1_71' title='bbox 657 1239 731 1288; x_wconf 86' lang='lat' dir='ltr'><strong>eom</strong></span> <span class='ocrx_word' id='word_1_72' title='bbox 752 1221 933 1308; x_wconf 86' lang='lat' dir='ltr'><strong>rationem,</strong></span> <span class='ocrx_word' id='word_1_73' title='bbox 955 1241 1020 1312; x_wconf 84' lang='lat' dir='ltr'><strong>qua</strong></span> <span class='ocrx_word' id='word_1_74' title='bbox 1035 1222 1144 1290; x_wconf 86' lang='lat' dir='ltr'><strong>adhuc</strong></span> 
     </span>
     <span class='ocr_line' id='line_1_10' title="bbox 84 1327 1143 1421; baseline -0.002 -23"><span class='ocrx_word' id='word_1_75' title='bbox 84 1352 167 1398; x_wconf 88' lang='lat' dir='ltr'><strong>usus</strong></span> <span class='ocrx_word' id='word_1_76' title='bbox 194 1350 251 1421; x_wconf 86' lang='lat' dir='ltr'><strong>es,</strong></span> <span class='ocrx_word' id='word_1_77' title='bbox 278 1335 316 1397; x_wconf 90' lang='lat' dir='ltr'><strong>ut</strong></span> <span class='ocrx_word' id='word_1_78' title='bbox 342 1348 435 1418; x_wconf 79' lang='lat' dir='ltr'><strong>eos„</strong></span> <span class='ocrx_word' id='word_1_79' title='bbox 453 1347 538 1416; x_wconf 86' lang='lat' dir='ltr'><strong>quos</strong></span> <span class='ocrx_word' id='word_1_80' title='bbox 558 1332 636 1395; x_wconf 83' lang='lat' dir='ltr'><strong>tuoe</strong></span> <span class='ocrx_word' id='word_1_81' title='bbox 656 1327 734 1395; x_wconf 84' lang='lat' dir='ltr'><strong>fidei</strong></span> <span class='ocrx_word' id='word_1_82' title='bbox 753 1330 982 1418; x_wconf 83' lang='lat' dir='ltr'><strong>potestatique</strong></span> <span class='ocrx_word' id='word_1_83' title='bbox 1001 1333 1143 1397; x_wconf 83' lang='lat' dir='ltr'><strong>senatus</strong></span> 
     </span>
     <span class='ocr_line' id='line_1_11' title="bbox 81 1434 1144 1527; baseline -0.003 -22"><span class='ocrx_word' id='word_1_84' title='bbox 81 1438 294 1527; x_wconf 89' lang='lat' dir='ltr'><strong>populusque</strong></span> <span class='ocrx_word' id='word_1_85' title='bbox 322 1437 497 1504; x_wconf 84' lang='lat' dir='ltr'><strong>Romanus</strong></span> <span class='ocrx_word' id='word_1_86' title='bbox 526 1435 688 1502; x_wconf 88' lang='lat' dir='ltr'><strong>commisit</strong></span> <span class='ocrx_word' id='word_1_87' title='bbox 714 1439 749 1501; x_wconf 88' lang='lat' dir='ltr'><strong>et</strong></span> <span class='ocrx_word' id='word_1_88' title='bbox 775 1434 934 1522; x_wconf 88' lang='lat' dir='ltr'><strong>credidit,</strong></span> <span class='ocrx_word' id='word_1_89' title='bbox 963 1434 1088 1524; x_wconf 79' lang='lat' dir='ltr'><strong>diligas</strong></span> <span class='ocrx_word' id='word_1_90' title='bbox 1108 1436 1144 1502; x_wconf 83' lang='lat' dir='ltr'><strong>ot</strong></span> 
     </span>
     <span class='ocr_line' id='line_1_12' title="bbox 84 1541 1143 1630; baseline -0.003 -20"><span class='ocrx_word' id='word_1_91' title='bbox 84 1545 175 1610; x_wconf 90' lang='lat' dir='ltr'><strong>omni</strong></span> <span class='ocrx_word' id='word_1_92' title='bbox 201 1550 333 1614; x_wconf 87' lang='lat' dir='ltr'><strong>ratione</strong></span> <span class='ocrx_word' id='word_1_93' title='bbox 361 1548 495 1630; x_wconf 86' lang='lat' dir='ltr'><strong>tueare,</strong></span> <span class='ocrx_word' id='word_1_94' title='bbox 523 1545 560 1607; x_wconf 88' lang='lat' dir='ltr'><strong>ut</strong></span> <span class='ocrx_word' id='word_1_95' title='bbox 587 1558 666 1609; x_wconf 87' lang='lat' dir='ltr'><strong>esse</strong></span> <span class='ocrx_word' id='word_1_96' title='bbox 694 1559 792 1627; x_wconf 85' lang='lat' dir='ltr'><strong>quam</strong></span> <span class='ocrx_word' id='word_1_97' title='bbox 812 1541 1025 1608; x_wconf 87' lang='lat' dir='ltr'><strong>beatissimos</strong></span> <span class='ocrx_word' id='word_1_98' title='bbox 1045 1541 1143 1610; x_wconf 88' lang='lat' dir='ltr'><strong>velis.</strong></span> 
     </span>
     <span class='ocr_line' id='line_1_13' title="bbox 83 1645 1143 1736; baseline -0.002 -19"><span class='ocrx_word' id='word_1_99' title='bbox 83 1649 184 1734; x_wconf 80' lang='lat' dir='ltr'><strong>Quod</strong></span> <span class='ocrx_word' id='word_1_100' title='bbox 212 1652 245 1717; x_wconf 90' lang='lat' dir='ltr'><strong>si</strong></span> <span class='ocrx_word' id='word_1_101' title='bbox 272 1655 305 1718; x_wconf 93' lang='lat' dir='ltr'><strong>te</strong></span> <span class='ocrx_word' id='word_1_102' title='bbox 333 1667 410 1715; x_wconf 89' lang='lat' dir='ltr'><strong>sors</strong></span> <span class='ocrx_word' id='word_1_103' title='bbox 439 1648 535 1715; x_wconf 81' lang='lat' dir='ltr'><strong>Afris</strong></span> <span class='ocrx_word' id='word_1_104' title='bbox 562 1652 621 1714; x_wconf 86' lang='lat' dir='ltr'><strong>aot</strong></span> <span class='ocrx_word' id='word_1_105' title='bbox 640 1646 890 1733; x_wconf 85' lang='lat' dir='ltr'><strong>Hispanisaut</strong></span> <span class='ocrx_word' id='word_1_106' title='bbox 911 1645 1019 1714; x_wconf 83' lang='lat' dir='ltr'><strong>Gallis</strong></span> <span class='ocrx_word' id='word_1_107' title='bbox 1039 1666 1143 1736; x_wconf 87' lang='lat' dir='ltr'><strong>prae·</strong></span> 
     </span>
     <span class='ocr_line' id='line_1_14' title="bbox 82 1753 1144 1846; baseline 0 -22"><span class='ocrx_word' id='word_1_108' title='bbox 82 1758 245 1846; x_wconf 82' lang='lat' dir='ltr'><strong>fecisset,</strong></span> <span class='ocrx_word' id='word_1_109' title='bbox 265 1756 463 1826; x_wconf 83' lang='lat' dir='ltr'><strong>immanrlms</strong></span> <span class='ocrx_word' id='word_1_110' title='bbox 484 1774 525 1826; x_wconf 87' lang='lat' dir='ltr'><strong>ac</strong></span> <span class='ocrx_word' id='word_1_111' title='bbox 546 1753 699 1822; x_wconf 84' lang='lat' dir='ltr'><strong>barbarls</strong></span> <span class='ocrx_word' id='word_1_112' title='bbox 719 1753 929 1840; x_wconf 88' lang='lat' dir='ltr'><strong>nationibus,</strong></span> <span class='ocrx_word' id='word_1_113' title='bbox 950 1758 1063 1821; x_wconf 84' lang='lat' dir='ltr'><strong>tameo</strong></span> <span class='ocrx_word' id='word_1_114' title='bbox 1083 1771 1144 1824; x_wconf 85' lang='lat' dir='ltr'><strong>es·</strong></span> 
     </span>
    </p>

    <p class='ocr_par' dir='ltr' id='par_1_3' title="bbox 31 1861 1144 1940">
     <span class='ocr_line' id='line_1_15' title="bbox 31 1861 1144 1940; baseline -0.002 -8"><span class='ocrx_word' id='word_1_115' title='bbox 31 1885 34 1892; x_wconf 72' lang='grc'>’</span> <span class='ocrx_word' id='word_1_116' title='bbox 82 1870 139 1932; x_wconf 88' lang='lat' dir='ltr'><strong>set</strong></span> <span class='ocrx_word' id='word_1_117' title='bbox 160 1865 373 1936; x_wconf 81' lang='lat' dir='ltr'><strong>humanitatis</strong></span> <span class='ocrx_word' id='word_1_118' title='bbox 392 1868 471 1930; x_wconf 88' lang='lat' dir='ltr'><strong>tuae</strong></span> <span class='ocrx_word' id='word_1_119' title='bbox 490 1861 670 1940; x_wconf 83' lang='lat' dir='ltr'><strong>consulere</strong></span> <span class='ocrx_word' id='word_1_120' title='bbox 686 1879 799 1928; x_wconf 88' lang='lat' dir='ltr'><strong>eorum</strong></span> <span class='ocrx_word' id='word_1_121' title='bbox 821 1861 1001 1931; x_wconf 86' lang='lat' dir='ltr'><strong>commodis</strong></span> <span class='ocrx_word' id='word_1_122' title='bbox 1021 1866 1058 1930; x_wconf 89' lang='lat' dir='ltr'><strong>ct</strong></span> <span class='ocrx_word' id='word_1_123' title='bbox 1076 1863 1144 1930; x_wconf 89' lang='lat' dir='ltr'><strong>uti·</strong></span> 
     </span>
    </p>

    <p class='ocr_par' dir='ltr' id='par_1_4' title="bbox 43 1967 1148 2275">
     <span class='ocr_line' id='line_1_16' title="bbox 43 1967 1146 2059; baseline -0.003 -22"><span class='ocrx_word' id='word_1_124' title='bbox 43 2013 44 2016; x_wconf 57' lang='lat'><em>=</em></span> <span class='ocrx_word' id='word_1_125' title='bbox 83 1971 172 2050; x_wconf 78' lang='lat' dir='ltr'><strong>litati</strong></span> <span class='ocrx_word' id='word_1_126' title='bbox 193 1972 360 2059; x_wconf 86' lang='lat' dir='ltr'><strong>salutique</strong></span> <span class='ocrx_word' id='word_1_127' title='bbox 381 1970 544 2038; x_wconf 79' lang='lat' dir='ltr'><strong>servire..</strong></span> <span class='ocrx_word' id='word_1_128' title='bbox 567 1967 673 2052; x_wconf 81' lang='lat' dir='ltr'><strong>Quum</strong></span> <span class='ocrx_word' id='word_1_129' title='bbox 694 1988 776 2035; x_wconf 89' lang='lat' dir='ltr'><strong>vero</strong></span> <span class='ocrx_word' id='word_1_130' title='bbox 796 1970 828 2035; x_wconf 89' lang='lat' dir='ltr'><strong>ei</strong></span> <span class='ocrx_word' id='word_1_131' title='bbox 843 1970 965 2058; x_wconf 79' lang='lat' dir='ltr'><strong>generi</strong></span> <span class='ocrx_word' id='word_1_132' title='bbox 979 1969 1146 2034; x_wconf 84' lang='lat' dir='ltr'><strong>hominnm</strong></span> 
     </span>
     <span class='ocr_line' id='line_1_17' title="bbox 83 2072 1145 2167; baseline -0.003 -24"><span class='ocrx_word' id='word_1_133' title='bbox 83 2080 293 2167; x_wconf 81' lang='lat' dir='ltr'><strong>pressimus,</strong></span> <span class='ocrx_word' id='word_1_134' title='bbox 314 2096 383 2143; x_wconf 89' lang='lat' dir='ltr'><strong>non</strong></span> <span class='ocrx_word' id='word_1_135' title='bbox 403 2075 500 2141; x_wconf 92' lang='lat' dir='ltr'><strong>modo</strong></span> <span class='ocrx_word' id='word_1_136' title='bbox 520 2076 555 2140; x_wconf 89' lang='lat' dir='ltr'><strong>in</strong></span> <span class='ocrx_word' id='word_1_137' title='bbox 576 2092 641 2160; x_wconf 85' lang='lat' dir='ltr'><strong>quo</strong></span> <span class='ocrx_word' id='word_1_138' title='bbox 664 2075 735 2162; x_wconf 90' lang='lat' dir='ltr'><strong>ipso</strong></span> <span class='ocrx_word' id='word_1_139' title='bbox 757 2075 822 2162; x_wconf 85' lang='lat' dir='ltr'><strong>sit,</strong></span> <span class='ocrx_word' id='word_1_140' title='bbox 843 2072 906 2142; x_wconf 87' lang='lat' dir='ltr'><strong>scd</strong></span> <span class='ocrx_word' id='word_1_141' title='bbox 924 2074 1024 2140; x_wconf 88' lang='lat' dir='ltr'><strong>etiam</strong></span> <span class='ocrx_word' id='word_1_142' title='bbox 1040 2092 1062 2140; x_wconf 91' lang='lat' dir='ltr'><strong>a</strong></span> <span class='ocrx_word' id='word_1_143' title='bbox 1081 2092 1145 2162; x_wconf 86' lang='lat' dir='ltr'><strong>quo</strong></span> 
     </span>
     <span class='ocr_line' id='line_1_18' title="bbox 84 2179 1148 2275; baseline 0.005 -29"><span class='ocrx_word' id='word_1_144' title='bbox 84 2181 128 2274; x_wconf 85' lang='lat' dir='ltr'><strong>ad</strong></span> <span class='ocrx_word' id='word_1_145' title='bbox 150 2181 237 2247; x_wconf 86' lang='lat' dir='ltr'><strong>alios</strong></span> <span class='ocrx_word' id='word_1_146' title='bbox 257 2183 458 2267; x_wconf 86' lang='lat' dir='ltr'><strong>pervenisse</strong></span> <span class='ocrx_word' id='word_1_147' title='bbox 482 2183 618 2265; x_wconf 89' lang='lat' dir='ltr'><strong>putetur</strong></span> <span class='ocrx_word' id='word_1_148' title='bbox 644 2179 852 2267; x_wconf 74' lang='lat' dir='ltr'><strong>humanitas,</strong></span> <span class='ocrx_word' id='word_1_149' title='bbox 883 2185 984 2275; x_wconf 25' lang='lat' dir='ltr'><strong>certe·</strong></span> <span class='ocrx_word' id='word_1_150' title='bbox 1001 2181 1044 2269; x_wconf 84' lang='lat' dir='ltr'><strong>iis</strong></span> <span class='ocrx_word' id='word_1_151' title='bbox 1072 2198 1148 2252; x_wconf 81' lang='lat' dir='ltr'><strong>cam</strong></span> 
     </span>
    </p>
   </div>
   <div class='ocr_carea' id='block_1_3' title="bbox 86 2265 1362 2371">
    <p class='ocr_par' dir='ltr' id='par_1_5' title="bbox 86 2265 1362 2371">
     <span class='ocr_line' id='line_1_19' title="bbox 86 2265 1362 2371; baseline -0.002 -23"><span class='ocrx_word' id='word_1_152' title='bbox 86 2283 297 2371; x_wconf 88' lang='lat' dir='ltr'><strong>potissimum</strong></span> <span class='ocrx_word' id='word_1_153' title='bbox 315 2281 463 2348; x_wconf 72' lang='lat' dir='ltr'><strong>uibuere</strong></span> <span class='ocrx_word' id='word_1_154' title='bbox 477 2279 656 2367; x_wconf 89' lang='lat' dir='ltr'><strong>debemus,</strong></span> <span class='ocrx_word' id='word_1_155' title='bbox 673 2300 694 2345; x_wconf 86' lang='lat' dir='ltr'><strong>a</strong></span> <span class='ocrx_word' id='word_1_156' title='bbox 709 2281 829 2367; x_wconf 86' lang='lat' dir='ltr'><strong>quibus</strong></span> <span class='ocrx_word' id='word_1_157' title='bbox 846 2282 1045 2365; x_wconf 85' lang='lat' dir='ltr'><strong>accepimns.</strong></span> <span class='ocrx_word' id='word_1_158' title='bbox 1068 2265 1147 2356; x_wconf 78' lang='lat' dir='ltr'><strong>Non</strong></span> <span class='ocrx_word' id='word_1_159' title='bbox 1188 2278 1249 2346; x_wconf 73' lang='lat'><strong>28.</strong></span> <span class='ocrx_word' id='word_1_160' title='bbox 1358 2348 1362 2356; x_wconf 75' lang='grc'><strong>,</strong></span> 
     </span>
    </p>
   </div>
   <div class='ocr_carea' id='block_1_4' title="bbox 85 2383 1148 3010">
    <p class='ocr_par' dir='ltr' id='par_1_6' title="bbox 85 2383 1148 3010">
     <span class='ocr_line' id='line_1_20' title="bbox 86 2383 1148 2474; baseline 0.002 -20"><span class='ocrx_word' id='word_1_161' title='bbox 86 2386 175 2454; x_wconf 91' lang='lat' dir='ltr'><strong>enim</strong></span> <span class='ocrx_word' id='word_1_162' title='bbox 196 2404 249 2452; x_wconf 85' lang='lat' dir='ltr'><strong>mo</strong></span> <span class='ocrx_word' id='word_1_163' title='bbox 268 2384 334 2452; x_wconf 90' lang='lat' dir='ltr'><strong>hoc</strong></span> <span class='ocrx_word' id='word_1_164' title='bbox 354 2384 419 2450; x_wconf 79' lang='lat' dir='ltr'><strong>iam</strong></span> <span class='ocrx_word' id='word_1_165' title='bbox 440 2383 554 2453; x_wconf 89' lang='lat' dir='ltr'><strong>dicere</strong></span> <span class='ocrx_word' id='word_1_166' title='bbox 570 2385 725 2474; x_wconf 88' lang='lat' dir='ltr'><strong>pudebit,</strong></span> <span class='ocrx_word' id='word_1_167' title='bbox 747 2385 994 2472; x_wconf 88' lang='lat' dir='ltr'><strong>praesertimin</strong></span> <span class='ocrx_word' id='word_1_168' title='bbox 1014 2404 1056 2452; x_wconf 85' lang='lat' dir='ltr'><strong>ea</strong></span> <span class='ocrx_word' id='word_1_169' title='bbox 1075 2387 1148 2456; x_wconf 74' lang='lat' dir='ltr'><strong>vita</strong></span> 
     </span>
     <span class='ocr_line' id='line_1_21' title="bbox 88 2490 1148 2581; baseline -0.002 -20"><span class='ocrx_word' id='word_1_170' title='bbox 88 2497 190 2581; x_wconf 83' lang='lat' dir='ltr'><strong>atque</strong></span> <span class='ocrx_word' id='word_1_171' title='bbox 210 2493 243 2558; x_wconf 92' lang='lat' dir='ltr'><strong>in</strong></span> <span class='ocrx_word' id='word_1_172' title='bbox 260 2492 303 2560; x_wconf 89' lang='lat' dir='ltr'><strong>iis</strong></span> <span class='ocrx_word' id='word_1_173' title='bbox 321 2490 423 2559; x_wconf 83' lang='lat' dir='ltr'><strong>relos</strong></span> <span class='ocrx_word' id='word_1_174' title='bbox 439 2492 572 2581; x_wconf 81' lang='lat' dir='ltr'><strong>gestis,</strong></span> <span class='ocrx_word' id='word_1_175' title='bbox 593 2492 765 2581; x_wconf 85' lang='lat' dir='ltr'><strong>inquibus</strong></span> <span class='ocrx_word' id='word_1_176' title='bbox 782 2511 851 2559; x_wconf 90' lang='lat' dir='ltr'><strong>non</strong></span> <span class='ocrx_word' id='word_1_177' title='bbox 865 2497 980 2581; x_wconf 91' lang='lat' dir='ltr'><strong>potest</strong></span> <span class='ocrx_word' id='word_1_178' title='bbox 995 2492 1148 2560; x_wconf 84' lang='lat' dir='ltr'><strong>residere</strong></span> 
     </span>
     <span class='ocr_line' id='line_1_22' title="bbox 85 2599 1146 2688; baseline -0.003 -20"><span class='ocrx_word' id='word_1_179' title='bbox 85 2601 230 2668; x_wconf 87' lang='lat' dir='ltr'><strong>inertiae</strong></span> <span class='ocrx_word' id='word_1_180' title='bbox 250 2604 308 2666; x_wconf 86' lang='lat' dir='ltr'><strong>aut</strong></span> <span class='ocrx_word' id='word_1_181' title='bbox 329 2600 478 2666; x_wconf 85' lang='lat' dir='ltr'><strong>levitatis</strong></span> <span class='ocrx_word' id='word_1_182' title='bbox 500 2599 569 2665; x_wconf 87' lang='lat' dir='ltr'><strong>ulla</strong></span> <span class='ocrx_word' id='word_1_183' title='bbox 589 2599 756 2688; x_wconf 88' lang='lat' dir='ltr'><strong>suspicio,</strong></span> <span class='ocrx_word' id='word_1_184' title='bbox 785 2615 849 2663; x_wconf 87' lang='lat' dir='ltr'><strong>nos</strong></span> <span class='ocrx_word' id='word_1_185' title='bbox 870 2615 933 2688; x_wconf 87' lang='lat' dir='ltr'><strong>ea,</strong></span> <span class='ocrx_word' id='word_1_186' title='bbox 954 2617 1040 2686; x_wconf 85' lang='lat' dir='ltr'><strong>quae</strong></span> <span class='ocrx_word' id='word_1_187' title='bbox 1061 2617 1146 2665; x_wconf 87' lang='lat' dir='ltr'><strong>con-</strong></span> 
     </span>
     <span class='ocr_line' id='line_1_23' title="bbox 87 2704 1147 2796; baseline -0.003 -21"><span class='ocrx_word' id='word_1_188' title='bbox 87 2708 198 2775; x_wconf 86' lang='lat' dir='ltr'><strong>secuti</strong></span> <span class='ocrx_word' id='word_1_189' title='bbox 214 2726 352 2796; x_wconf 78' lang='lat' dir='ltr'><strong>sumus,</strong></span> <span class='ocrx_word' id='word_1_190' title='bbox 373 2707 416 2773; x_wconf 86' lang='lat' dir='ltr'><strong>iis</strong></span> <span class='ocrx_word' id='word_1_191' title='bbox 435 2705 557 2772; x_wconf 88' lang='lat' dir='ltr'><strong>studiis</strong></span> <span class='ocrx_word' id='word_1_192' title='bbox 578 2709 614 2772; x_wconf 89' lang='lat' dir='ltr'><strong>ct</strong></span> <span class='ocrx_word' id='word_1_193' title='bbox 634 2706 765 2774; x_wconf 85' lang='lat' dir='ltr'><strong>artibus</strong></span> <span class='ocrx_word' id='word_1_194' title='bbox 781 2725 860 2774; x_wconf 88' lang='lat' dir='ltr'><strong>esse</strong></span> <span class='ocrx_word' id='word_1_195' title='bbox 874 2704 1039 2792; x_wconf 89' lang='lat' dir='ltr'><strong>adeptos,</strong></span> <span class='ocrx_word' id='word_1_196' title='bbox 1060 2723 1147 2793; x_wconf 86' lang='lat' dir='ltr'><strong>quae</strong></span> 
     </span>
     <span class='ocr_line' id='line_1_24' title="bbox 87 2812 1145 2900; baseline -0.003 -19"><span class='ocrx_word' id='word_1_197' title='bbox 87 2815 157 2881; x_wconf 88' lang='lat' dir='ltr'><strong>sint</strong></span> <span class='ocrx_word' id='word_1_198' title='bbox 176 2813 273 2881; x_wconf 82' lang='lat' dir='ltr'><strong>nobis</strong></span> <span class='ocrx_word' id='word_1_199' title='bbox 290 2812 456 2881; x_wconf 82' lang='lat' dir='ltr'><strong>Graeciae</strong></span> <span class='ocrx_word' id='word_1_200' title='bbox 476 2815 696 2885; x_wconf 87' lang='lat' dir='ltr'><strong>monumentis</strong></span> <span class='ocrx_word' id='word_1_201' title='bbox 718 2812 969 2900; x_wconf 82' lang='lat' dir='ltr'><strong>disciplinisque</strong></span> <span class='ocrx_word' id='word_1_202' title='bbox 988 2812 1145 2880; x_wconf 87' lang='lat' dir='ltr'><strong>traditae.</strong></span> 
     </span>
     <span class='ocr_line' id='line_1_25' title="bbox 87 2918 1144 3010; baseline -0.002 -22"><span class='ocrx_word' id='word_1_203' title='bbox 87 2920 200 3006; x_wconf 74' lang='lat' dir='ltr'><strong>Quare</strong></span> <span class='ocrx_word' id='word_1_204' title='bbox 215 2924 350 3008; x_wconf 89' lang='lat' dir='ltr'><strong>praeter</strong></span> <span class='ocrx_word' id='word_1_205' title='bbox 366 2939 570 2989; x_wconf 89' lang='lat' dir='ltr'><strong>communem</strong></span> <span class='ocrx_word' id='word_1_206' title='bbox 584 2919 700 3010; x_wconf 84' lang='lat' dir='ltr'><strong>tidem,</strong></span> <span class='ocrx_word' id='word_1_207' title='bbox 722 2939 809 3007; x_wconf 85' lang='lat' dir='ltr'><strong>quaa</strong></span> <span class='ocrx_word' id='word_1_208' title='bbox 827 2920 977 2987; x_wconf 89' lang='lat' dir='ltr'><strong>omnibus</strong></span> <span class='ocrx_word' id='word_1_209' title='bbox 993 2918 1144 3008; x_wconf 88' lang='lat' dir='ltr'><strong>debetur,</strong></span> 
     </span>
    </p>
   </div>
   <div class='ocr_carea' id='block_1_5' title="bbox 87 3158 1142 3436">
    <p class='ocr_par' dir='ltr' id='par_1_7' title="bbox 87 3158 1142 3436">
     <span class='ocr_line' id='line_1_26' title="bbox 88 3158 1142 3237; baseline -0.005 -22"><span class='ocrx_word' id='word_1_210' title='bbox 88 3159 171 3215; x_wconf 84' lang='lat' dir='ltr'><strong>clusit</strong></span> <span class='ocrx_word' id='word_1_211' title='bbox 185 3160 289 3230; x_wconf 84' lang='lat' dir='ltr'><strong>Orsll.‚</strong></span> <span class='ocrx_word' id='word_1_212' title='bbox 306 3163 394 3233; x_wconf 81' lang='lat' dir='ltr'><strong>quiin</strong></span> <span class='ocrx_word' id='word_1_213' title='bbox 408 3163 476 3237; x_wconf 76' lang='lat' dir='ltr'><strong>legis</strong></span> <span class='ocrx_word' id='word_1_214' title='bbox 491 3162 611 3217; x_wconf 76' lang='lat' dir='ltr'><strong>formula</strong></span> <span class='ocrx_word' id='word_1_215' title='bbox 622 3171 748 3217; x_wconf 82' lang='lat' dir='ltr'><strong>uentrem</strong></span> <span class='ocrx_word' id='word_1_216' title='bbox 763 3160 846 3216; x_wconf 82' lang='lat' dir='ltr'><strong>fuisse</strong></span> <span class='ocrx_word' id='word_1_217' title='bbox 860 3158 933 3215; x_wconf 76' lang='lat' dir='ltr'><strong>licis</strong></span> <span class='ocrx_word' id='word_1_218' title='bbox 951 3192 980 3230; x_wconf 71' lang='lat'><strong>7-</strong></span> <span class='ocrx_word' id='word_1_219' title='bbox 1013 3162 1142 3228; x_wconf 56' lang='lat' dir='ltr'><strong>meas,</strong></span> 
     </span>
     <span class='ocr_line' id='line_1_27' title="bbox 89 3225 1142 3300; baseline -0.003 -20"><span class='ocrx_word' id='word_1_220' title='bbox 89 3236 227 3300; x_wconf 82' lang='lat' dir='ltr'><strong>quotenus</strong></span> <span class='ocrx_word' id='word_1_221' title='bbox 244 3228 279 3280; x_wconf 85' lang='lat' dir='ltr'><strong>ab</strong></span> <span class='ocrx_word' id='word_1_222' title='bbox 297 3226 361 3298; x_wconf 81' lang='lat' dir='ltr'><strong>ipsis</strong></span> <span class='ocrx_word' id='word_1_223' title='bbox 378 3228 416 3282; x_wconf 88' lang='lat' dir='ltr'><strong>cb</strong></span> <span class='ocrx_word' id='word_1_224' title='bbox 434 3229 549 3282; x_wconf 84' lang='lat' dir='ltr'><strong>maxima</strong></span> <span class='ocrx_word' id='word_1_225' title='bbox 565 3227 698 3282; x_wconf 80' lang='lat' dir='ltr'><strong>beneficia</strong></span> <span class='ocrx_word' id='word_1_226' title='bbox 712 3238 774 3283; x_wconf 80' lang='lat' dir='ltr'><strong>erat</strong></span> <span class='ocrx_word' id='word_1_227' title='bbox 789 3236 888 3299; x_wconf 80' lang='lat' dir='ltr'><strong>sponte</strong></span> <span class='ocrx_word' id='word_1_228' title='bbox 905 3225 1065 3292; x_wconf 64' lang='lat' dir='ltr'><strong>decretum,</strong></span> <span class='ocrx_word' id='word_1_229' title='bbox 1085 3240 1142 3277; x_wconf 82' lang='lat' dir='ltr'><strong>non</strong></span> 
     </span>
     <span class='ocr_line' id='line_1_28' title="bbox 87 3287 1142 3373; baseline -0.006 -24"><span class='ocrx_word' id='word_1_230' title='bbox 87 3292 177 3349; x_wconf 82' lang='lat' dir='ltr'><strong>inritis</strong></span> <span class='ocrx_word' id='word_1_231' title='bbox 190 3292 363 3373; x_wconf 84' lang='lat' dir='ltr'><strong>imperatum.</strong></span> <span class='ocrx_word' id='word_1_232' title='bbox 375 3326 407 3338; x_wconf 89' lang='lat'>-</span> <span class='ocrx_word' id='word_1_233' title='bbox 434 3295 526 3363; x_wconf 80' lang='lat' dir='ltr'><strong>qm’bus</strong></span> <span class='ocrx_word' id='word_1_234' title='bbox 537 3311 584 3347; x_wconf 79' lang='lat' dir='ltr'><strong>nee</strong></span> <span class='ocrx_word' id='word_1_235' title='bbox 599 3294 735 3346; x_wconf 71' lang='lat' dir='ltr'><strong>deleretur</strong></span> <span class='ocrx_word' id='word_1_236' title='bbox 749 3310 765 3347; x_wconf 85' lang='lat' dir='ltr'><strong>a</strong></span> <span class='ocrx_word' id='word_1_237' title='bbox 779 3293 935 3365; x_wconf 78' lang='lat' dir='ltr'><strong>provincio3</strong></span> <span class='ocrx_word' id='word_1_238' title='bbox 950 3301 1027 3364; x_wconf 84' lang='lat' dir='ltr'><strong>potet</strong></span> <span class='ocrx_word' id='word_1_239' title='bbox 1040 3287 1142 3344; x_wconf 78' lang='lat' dir='ltr'><strong>aediles</strong></span> 
     </span>
     <span class='ocr_line' id='line_1_29' title="bbox 89 3356 945 3436; baseline -0.001 -22"><span class='ocrx_word' id='word_1_240' title='bbox 89 3358 242 3436; x_wconf 72' lang='lat' dir='ltr'><strong>significem.</strong></span> <span class='ocrx_word' id='word_1_241' title='bbox 257 3390 291 3403; x_wconf 91' lang='lat'><strong>-·</strong></span> <span class='ocrx_word' id='word_1_242' title='bbox 323 3377 370 3411; x_wconf 81' lang='lat' dir='ltr'><strong>nec</strong></span> <span class='ocrx_word' id='word_1_243' title='bbox 383 3359 472 3413; x_wconf 79' lang='lat' dir='ltr'><strong>liceret</strong></span> <span class='ocrx_word' id='word_1_244' title='bbox 486 3374 524 3412; x_wconf 88' lang='lat' dir='ltr'><strong>sc.</strong></span> <span class='ocrx_word' id='word_1_245' title='bbox 539 3356 637 3412; x_wconf 80' lang='lat' dir='ltr'><strong>deberi</strong></span> <span class='ocrx_word' id='word_1_246' title='bbox 651 3376 673 3413; x_wconf 82' lang='lat' dir='ltr'><strong>s.</strong></span> <span class='ocrx_word' id='word_1_247' title='bbox 691 3376 792 3432; x_wconf 81' lang='lat' dir='ltr'><strong>capere</strong></span> <span class='ocrx_word' id='word_1_248' title='bbox 804 3358 945 3433; x_wconf 77' lang='lat' dir='ltr'><strong>pecunias.</strong></span> 
     </span>
    </p>
   </div>
   <div class='ocr_carea' id='block_1_6' title="bbox 52 3441 1140 3983">
    <p class='ocr_par' dir='ltr' id='par_1_8' title="bbox 52 3441 1140 3983">
     <span class='ocr_line' id='line_1_30' title="bbox 155 3441 1140 3518; baseline 0 -17"><span class='ocrx_word' id='word_1_249' title='bbox 155 3455 182 3514; x_wconf 77' lang='grc' dir='ltr'><strong>ς.</strong></span> <span class='ocrx_word' id='word_1_250' title='bbox 201 3464 241 3518; x_wconf 77' lang='lat'><strong>27.</strong></span> <span class='ocrx_word' id='word_1_251' title='bbox 275 3448 457 3518; x_wconf 74' lang='lat' dir='ltr'><strong>rationem:</strong></span> <span class='ocrx_word' id='word_1_252' title='bbox 474 3441 665 3518; x_wconf 78' lang='lat' dir='ltr'><strong>agendiviam.</strong></span> <span class='ocrx_word' id='word_1_253' title='bbox 683 3480 716 3493; x_wconf 87' lang='lat'><em>-</em></span> <span class='ocrx_word' id='word_1_254' title='bbox 756 3461 782 3501; x_wconf 83' lang='lat' dir='ltr'><strong>ct</strong></span> <span class='ocrx_word' id='word_1_255' title='bbox 797 3452 869 3502; x_wconf 82' lang='lat' dir='ltr'><strong>omni</strong></span> <span class='ocrx_word' id='word_1_256' title='bbox 882 3461 937 3505; x_wconf 84' lang='lat' dir='ltr'><strong>rut.</strong></span> <span class='ocrx_word' id='word_1_257' title='bbox 952 3462 1010 3515; x_wconf 44' lang='lat' dir='ltr'><strong>tuq</strong></span> <span class='ocrx_word' id='word_1_258' title='bbox 1032 3459 1063 3500; x_wconf 79' lang='lat' dir='ltr'><strong>ut</strong></span> <span class='ocrx_word' id='word_1_259' title='bbox 1080 3465 1140 3501; x_wconf 72' lang='lat' dir='ltr'><strong>esee.</strong></span> 
     </span>
     <span class='ocr_line' id='line_1_31' title="bbox 89 3512 1138 3575; baseline 0.002 -7"><span class='ocrx_word' id='word_1_260' title='bbox 89 3514 205 3570; x_wconf 79' lang='lat' dir='ltr'><strong>Fasciol.</strong></span> <span class='ocrx_word' id='word_1_261' title='bbox 223 3512 355 3567; x_wconf 80' lang='lat' dir='ltr'><strong>coniecit:</strong></span> <span class='ocrx_word' id='word_1_262' title='bbox 378 3525 403 3564; x_wconf 81' lang='lat' dir='ltr'><strong>et</strong></span> <span class='ocrx_word' id='word_1_263' title='bbox 418 3514 491 3565; x_wconf 82' lang='lat' dir='ltr'><strong>omni</strong></span> <span class='ocrx_word' id='word_1_264' title='bbox 502 3513 605 3564; x_wconf 69' lang='lat' dir='ltr'><strong>ratione</strong></span> <span class='ocrx_word' id='word_1_265' title='bbox 619 3523 725 3575; x_wconf 78' lang='lat' dir='ltr'><strong>tueare,</strong></span> <span class='ocrx_word' id='word_1_266' title='bbox 742 3525 769 3565; x_wconf 76' lang='lat' dir='ltr'><strong>at</strong></span> <span class='ocrx_word' id='word_1_267' title='bbox 783 3532 845 3569; x_wconf 80' lang='lat' dir='ltr'><strong>csse.</strong></span> <span class='ocrx_word' id='word_1_268' title='bbox 878 3514 999 3569; x_wconf 75' lang='lat' dir='ltr'><strong>Schuitor</strong></span> <span class='ocrx_word' id='word_1_269' title='bbox 1023 3525 1055 3565; x_wconf 84' lang='lat' dir='ltr'><strong>ut</strong></span> <span class='ocrx_word' id='word_1_270' title='bbox 1070 3530 1138 3570; x_wconf 80' lang='lat' dir='ltr'><strong>omn.</strong></span> 
     </span>
     <span class='ocr_line' id='line_1_32' title="bbox 52 3574 1139 3652; baseline 0.003 -21"><span class='ocrx_word' id='word_1_271' title='bbox 52 3609 54 3614; x_wconf 60' lang='lat'>&lt;</span> <span class='ocrx_word' id='word_1_272' title='bbox 91 3591 144 3635; x_wconf 79' lang='lat' dir='ltr'><strong>rat.</strong></span> <span class='ocrx_word' id='word_1_273' title='bbox 161 3593 269 3641; x_wconf 75' lang='lat' dir='ltr'><strong>tueare,</strong></span> <span class='ocrx_word' id='word_1_274' title='bbox 286 3591 317 3631; x_wconf 82' lang='lat' dir='ltr'><strong>ut</strong></span> <span class='ocrx_word' id='word_1_275' title='bbox 336 3597 389 3630; x_wconf 78' lang='lat' dir='ltr'><strong>esre</strong></span> <span class='ocrx_word' id='word_1_276' title='bbox 396 3597 409 3642; x_wconf 87' lang='lat'><strong>,·</strong></span> <span class='ocrx_word' id='word_1_277' title='bbox 432 3574 522 3646; x_wconf 86' lang='lat' dir='ltr'><strong>addit,</strong></span> <span class='ocrx_word' id='word_1_278' title='bbox 545 3575 699 3636; x_wconf 74' lang='lat' dir='ltr'><strong>suaviorem</strong></span> <span class='ocrx_word' id='word_1_279' title='bbox 714 3578 776 3632; x_wconf 84' lang='lat' dir='ltr'><strong>fieri</strong></span> <span class='ocrx_word' id='word_1_280' title='bbox 793 3595 843 3633; x_wconf 81' lang='lat' dir='ltr'><strong>ono</strong></span> <span class='ocrx_word' id='word_1_281' title='bbox 863 3581 961 3634; x_wconf 80' lang='lat' dir='ltr'><strong>horam</strong></span> <span class='ocrx_word' id='word_1_282' title='bbox 975 3579 1139 3652; x_wconf 79' lang='lat' dir='ltr'><strong>particulam</strong></span> 
     </span>
     <span class='ocr_line' id='line_1_33' title="bbox 89 3596 1138 3718; baseline 0.001 -18"><span class='ocrx_word' id='word_1_283' title='bbox 89 3657 121 3700; x_wconf 76' lang='lat' dir='ltr'><strong>ut</strong></span> <span class='ocrx_word' id='word_1_284' title='bbox 137 3644 301 3718; x_wconf 78' lang='lat' dir='ltr'><strong>repetendo,</strong></span> <span class='ocrx_word' id='word_1_285' title='bbox 315 3654 343 3698; x_wconf 87' lang='lat' dir='ltr'><strong>et</strong></span> <span class='ocrx_word' id='word_1_286' title='bbox 358 3643 466 3700; x_wconf 80' lang='lat' dir='ltr'><strong>confert</strong></span> <span class='ocrx_word' id='word_1_287' title='bbox 487 3651 513 3713; x_wconf 76' lang='grc' dir='ltr'><strong>ς.</strong></span> <span class='ocrx_word' id='word_1_288' title='bbox 524 3642 554 3697; x_wconf 83' lang='grc' dir='ltr'><strong>3ι</strong></span> <span class='ocrx_word' id='word_1_289' title='bbox 575 3653 644 3698; x_wconf 83' lang='lat' dir='ltr'><strong>extr.</strong></span> <span class='ocrx_word' id='word_1_290' title='bbox 672 3646 707 3700; x_wconf 88' lang='lat' dir='ltr'><strong>V.</strong></span> <span class='ocrx_word' id='word_1_291' title='bbox 724 3644 806 3698; x_wconf 81' lang='lat' dir='ltr'><strong>etiam</strong></span> <span class='ocrx_word' id='word_1_292' title='bbox 825 3596 863 3700; x_wconf 57' lang='lat' dir='ltr'><strong>ag</strong></span> <span class='ocrx_word' id='word_1_293' title='bbox 877 3643 931 3700; x_wconf 81' lang='lat' dir='ltr'><strong>div.</strong></span> <span class='ocrx_word' id='word_1_294' title='bbox 945 3662 990 3713; x_wconf 84' lang='lat' dir='ltr'><strong>ro,</strong></span> <span class='ocrx_word' id='word_1_295' title='bbox 1007 3646 1053 3715; x_wconf 78' lang='lat'><strong>15,</strong></span> <span class='ocrx_word' id='word_1_296' title='bbox 1064 3646 1090 3704; x_wconf 78' lang='grc'><strong>3.</strong></span> <span class='ocrx_word' id='word_1_297' title='bbox 1105 3677 1138 3693; x_wconf 83' lang='lat'>-</span> 
     </span>
     <span class='ocr_line' id='line_1_34' title="bbox 92 3706 1136 3783; baseline 0.003 -21"><span class='ocrx_word' id='word_1_298' title='bbox 92 3713 119 3762; x_wconf 79' lang='lat' dir='ltr'><strong>in</strong></span> <span class='ocrx_word' id='word_1_299' title='bbox 132 3729 183 3781; x_wconf 18' lang='lat' dir='ltr'><strong>&gt;quo</strong></span> <span class='ocrx_word' id='word_1_300' title='bbox 198 3714 254 3781; x_wconf 70' lang='lat' dir='ltr'><strong>:pso</strong></span> <span class='ocrx_word' id='word_1_301' title='bbox 269 3710 344 3766; x_wconf 83' lang='lat' dir='ltr'><strong>dedit</strong></span> <span class='ocrx_word' id='word_1_302' title='bbox 357 3710 455 3766; x_wconf 78' lang='lat' dir='ltr'><strong>Mauro.</strong></span> <span class='ocrx_word' id='word_1_303' title='bbox 469 3708 497 3764; x_wconf 86' lang='lat' dir='ltr'><strong>ln</strong></span> <span class='ocrx_word' id='word_1_304' title='bbox 509 3706 562 3765; x_wconf 73' lang='lat' dir='ltr'><strong>Eu</strong></span> <span class='ocrx_word' id='word_1_305' title='bbox 575 3725 629 3764; x_wconf 81' lang='lat' dir='ltr'><strong>seo.</strong></span> <span class='ocrx_word' id='word_1_306' title='bbox 643 3706 679 3764; x_wconf 85' lang='lat' dir='ltr'><strong>ds</strong></span> <span class='ocrx_word' id='word_1_307' title='bbox 692 3710 775 3764; x_wconf 82' lang='lat' dir='ltr'><strong>Reicii</strong></span> <span class='ocrx_word' id='word_1_308' title='bbox 787 3712 960 3781; x_wconf 79' lang='lat' dir='ltr'><strong>coniectura;</strong></span> <span class='ocrx_word' id='word_1_309' title='bbox 977 3731 994 3765; x_wconf 82' lang='lat' dir='ltr'>v</span> <span class='ocrx_word' id='word_1_310' title='bbox 1043 3755 1048 3768; x_wconf 87' lang='lat'><strong>.</strong></span> <span class='ocrx_word' id='word_1_311' title='bbox 1062 3718 1136 3783; x_wconf 69' lang='lat' dir='ltr'><strong>epea,</strong></span> 
     </span>
     <span class='ocr_line' id='line_1_35' title="bbox 92 3774 1136 3850; baseline 0.004 -22"><span class='ocrx_word' id='word_1_312' title='bbox 92 3774 270 3847; x_wconf 85' lang='lat' dir='ltr'><strong>quodminus</strong></span> <span class='ocrx_word' id='word_1_313' title='bbox 285 3775 414 3850; x_wconf 79' lang='lat' dir='ltr'><strong>congruit</strong></span> <span class='ocrx_word' id='word_1_314' title='bbox 428 3794 490 3832; x_wconf 88' lang='lat' dir='ltr'><strong>cum</strong></span> <span class='ocrx_word' id='word_1_315' title='bbox 506 3795 567 3845; x_wconf 70' lang='lat' dir='ltr'><strong>rm,</strong></span> <span class='ocrx_word' id='word_1_316' title='bbox 584 3777 657 3847; x_wconf 82' lang='lat' dir='ltr'><strong>qua&#39;a</strong></span> <span class='ocrx_word' id='word_1_317' title='bbox 673 3787 844 3849; x_wconf 80' lang='lat' dir='ltr'><strong>sequuntur:</strong></span> <span class='ocrx_word' id='word_1_318' title='bbox 868 3795 886 3829; x_wconf 86' lang='lat' dir='ltr'><strong>a</strong></span> <span class='ocrx_word' id='word_1_319' title='bbox 899 3794 951 3850; x_wconf 79' lang='lat' dir='ltr'><strong>quo</strong></span> <span class='ocrx_word' id='word_1_320' title='bbox 966 3778 1003 3829; x_wconf 80' lang='lat' dir='ltr'><strong>ad</strong></span> <span class='ocrx_word' id='word_1_321' title='bbox 1049 3782 1090 3837; x_wconf 73' lang='lat'><strong>¹08.</strong></span> <span class='ocrx_word' id='word_1_322' title='bbox 1104 3811 1136 3824; x_wconf 89' lang='lat'><em>-</em></span> 
     </span>
     <span class='ocr_line' id='line_1_36' title="bbox 91 3842 1136 3918; baseline 0.004 -24"><span class='ocrx_word' id='word_1_323' title='bbox 91 3852 160 3894; x_wconf 77' lang='lat' dir='ltr'><strong>certe</strong></span> <span class='ocrx_word' id='word_1_324' title='bbox 173 3843 204 3894; x_wconf 74' lang='lat' dir='ltr'><strong>iis</strong></span> <span class='ocrx_word' id='word_1_325' title='bbox 279 3844 394 3896; x_wconf 70' lang='lat' dir='ltr'><strong>crolum</strong></span> <span class='ocrx_word' id='word_1_326' title='bbox 412 3843 537 3896; x_wconf 69' lang='lat' dir='ltr'><strong>dedamus.</strong></span> <span class='ocrx_word' id='word_1_327' title='bbox 571 3842 705 3915; x_wconf 72' lang='lat' dir='ltr'><strong>Egregius</strong></span> <span class='ocrx_word' id='word_1_328' title='bbox 717 3844 887 3909; x_wconf 73' lang='lat' dir='ltr'><strong>amalasar,</strong></span> <span class='ocrx_word' id='word_1_329' title='bbox 903 3844 951 3914; x_wconf 85' lang='lat' dir='ltr'><strong>qui</strong></span> <span class='ocrx_word' id='word_1_330' title='bbox 964 3847 1136 3918; x_wconf 81' lang='lat' dir='ltr'><strong>praeclaram</strong></span> 
     </span>
     <span class='ocr_line' id='line_1_37' title="bbox 92 3906 1137 3983; baseline 0.004 -21"><span class='ocrx_word' id='word_1_331' title='bbox 92 3906 229 3962; x_wconf 82' lang='lat' dir='ltr'><strong>Ciceronis</strong></span> <span class='ocrx_word' id='word_1_332' title='bbox 249 3910 378 3982; x_wconf 82' lang='lat' dir='ltr'><strong>pietatem</strong></span> <span class='ocrx_word' id='word_1_333' title='bbox 399 3908 427 3964; x_wconf 86' lang='lat' dir='ltr'><strong>io</strong></span> <span class='ocrx_word' id='word_1_334' title='bbox 446 3909 598 3982; x_wconf 81' lang='lat' dir='ltr'><strong>populum,</strong></span> <span class='ocrx_word' id='word_1_335' title='bbox 626 3907 698 3964; x_wconf 81' lang='lat' dir='ltr'><strong>unda</strong></span> <span class='ocrx_word' id='word_1_336' title='bbox 718 3908 817 3983; x_wconf 69' lang='lat' dir='ltr'><strong>ingenii</strong></span> <span class='ocrx_word' id='word_1_337' title='bbox 835 3910 973 3965; x_wconf 76' lang='lat' dir='ltr'><strong>culturom</strong></span> <span class='ocrx_word' id='word_1_338' title='bbox 992 3910 1137 3979; x_wconf 70' lang='lat' dir='ltr'><strong>oausam,</strong></span> 
     </span>
    </p>
   </div>
   <div class='ocr_carea' id='block_1_7' title="bbox 89 3971 1135 4204">
    <p class='ocr_par' dir='ltr' id='par_1_9' title="bbox 89 3971 1135 4204">
     <span class='ocr_line' id='line_1_38' title="bbox 125 3971 198 4027; baseline 0.027 -2"><span class='ocrx_word' id='word_1_339' title='bbox 125 3971 198 4027; x_wconf 85' lang='lat' dir='ltr'><strong>oba.</strong></span> 
     </span>
     <span class='ocr_line' id='line_1_39' title="bbox 89 3983 1135 4145; baseline 0.008 -32"><span class='ocrx_word' id='word_1_340' title='bbox 89 3990 124 4045; x_wconf 52' lang='lat' dir='ltr'><strong>Pr</strong></span> <span class='ocrx_word' id='word_1_341' title='bbox 153 3983 239 4145; x_wconf 46' lang='lat' dir='ltr'><strong>ptati</strong></span> <span class='ocrx_word' id='word_1_342' title='bbox 271 4065 297 4140; x_wconf 69' lang='lat' dir='ltr'><strong>io</strong></span> <span class='ocrx_word' id='word_1_343' title='bbox 309 4066 341 4143; x_wconf 66' lang='lat' dir='ltr'><strong>pit</strong></span> <span class='ocrx_word' id='word_1_344' title='bbox 354 4063 407 4144; x_wconf 67' lang='lat' dir='ltr'><strong>rod.</strong></span> <span class='ocrx_word' id='word_1_345' title='bbox 418 4077 488 4144; x_wconf 57' lang='lat' dir='ltr'><strong>gost.</strong></span> <span class='ocrx_word' id='word_1_346' title='bbox 505 4047 591 4144; x_wconf 73' lang='lat' dir='ltr'><strong>yulp.</strong></span> <span class='ocrx_word' id='word_1_347' title='bbox 603 4037 702 4122; x_wconf 79' lang='lat' dir='ltr'><strong>omittit</strong></span> <span class='ocrx_word' id='word_1_348' title='bbox 713 4071 793 4123; x_wconf 71' lang='lat' dir='ltr'><strong>ric-</strong></span> <span class='ocrx_word' id='word_1_349' title='bbox 820 4066 1135 4135; x_wconf 51' lang='lat' dir='ltr'><strong>mmmd=librie</strong></span> 
     </span>
     <span class='ocr_line' id='line_1_40' title="bbox 90 4126 1135 4204; baseline 0.007 -23"><span class='ocrx_word' id='word_1_350' title='bbox 90 4128 237 4200; x_wconf 57' lang='lat' dir='ltr'><strong>specillum</strong></span> <span class='ocrx_word' id='word_1_351' title='bbox 251 4126 391 4198; x_wconf 68' lang='lat' dir='ltr'><strong>osupum</strong></span> <span class='ocrx_word' id='word_1_352' title='bbox 405 4154 438 4182; x_wconf 61' lang='lat' dir='ltr'><strong>a</strong></span> <span class='ocrx_word' id='word_1_353' title='bbox 451 4132 677 4204; x_wconf 74' lang='lat' dir='ltr'><strong>resolutionibus,</strong></span> <span class='ocrx_word' id='word_1_354' title='bbox 694 4131 828 4195; x_wconf 78' lang='lat' dir='ltr'><strong>doctrina.</strong></span> <span class='ocrx_word' id='word_1_355' title='bbox 841 4167 873 4178; x_wconf 89' lang='lat'><strong>-</strong></span> <span class='ocrx_word' id='word_1_356' title='bbox 906 4134 1031 4188; x_wconf 74' lang='lat' dir='ltr'><strong>tradita«.</strong></span> <span class='ocrx_word' id='word_1_357' title='bbox 1053 4131 1135 4204; x_wconf 66' lang='lat' dir='ltr'><strong>vulg.</strong></span> 
     </span>
    </p>
   </div>
   <div class='ocr_carea' id='block_1_8' title="bbox 0 0 1523 5067">
    <p class='ocr_par' dir='ltr' id='par_1_10' title="bbox 0 0 1523 5067">
     <span class='ocr_line' id='line_1_41' title="bbox 0 0 1523 5067; baseline 0 0"><span class='ocrx_word' id='word_1_358' title='bbox 0 0 1523 5067; x_wconf 95' lang='lat' dir='ltr'><strong> </strong></span> 
     </span>
    </p>
   </div>
  </div>
 </body>
</html>
