<?xml version="1.0" encoding="UTF-8"?>
<!DOCTYPE html PUBLIC "-//W3C//DTD XHTML 1.0 Transitional//EN"
    "http://www.w3.org/TR/xhtml1/DTD/xhtml1-transitional.dtd">
<html xmlns="http://www.w3.org/1999/xhtml" xml:lang="en" lang="en">
 <head>
  <title>
</title>
<meta http-equiv="Content-Type" content="text/html;charset=utf-8" />
  <meta name='ocr-system' content='tesseract 3.04.00' />
  <meta name='ocr-capabilities' content='ocr_page ocr_carea ocr_par ocr_line ocrx_word'/>
</head>
<body>
  <div class='ocr_page' id='page_1' title='image "./mtulliiciceroni00hoffgoog_0021.png"; bbox 0 0 3009 5067; ppageno 0'>
   <div class='ocr_carea' id='block_1_1' title="bbox 522 293 1167 361">
    <p class='ocr_par' dir='ltr' id='par_1_1' title="bbox 522 293 1167 361">
     <span class='ocr_line' id='line_1_1' title="bbox 522 293 1167 361; baseline -0.014 -2"><span class='ocrx_word' id='word_1_1' title='bbox 522 296 582 359; x_wconf 80' lang='lat' dir='ltr'><strong>tlt.</strong></span> <span class='ocrx_word' id='word_1_2' title='bbox 604 296 623 356; x_wconf 94' lang='lat' dir='ltr'><strong>l.</strong></span> <span class='ocrx_word' id='word_1_3' title='bbox 665 296 715 357; x_wconf 79' lang='lat' dir='ltr'><strong>nr.</strong></span> <span class='ocrx_word' id='word_1_4' title='bbox 736 293 756 355; x_wconf 92' lang='lat' dir='ltr'><strong>l.</strong></span> <span class='ocrx_word' id='word_1_5' title='bbox 1140 293 1167 361; x_wconf 81' lang='grc'><strong>9</strong></span> 
     </span>
    </p>
   </div>
   <div class='ocr_carea' id='block_1_2' title="bbox 11 472 1269 4004">
    <p class='ocr_par' dir='ltr' id='par_1_2' title="bbox 11 472 1269 4004">
     <span class='ocr_line' id='line_1_2' title="bbox 99 472 1167 566; baseline 0.003 -26"><span class='ocrx_word' id='word_1_6' title='bbox 99 472 269 564; x_wconf 70' lang='lat' dir='ltr'><strong>&#39;luntatis,</strong></span> <span class='ocrx_word' id='word_1_7' title='bbox 290 475 352 543; x_wconf 82' lang='lat' dir='ltr'><strong>sed</strong></span> <span class='ocrx_word' id='word_1_8' title='bbox 366 475 464 544; x_wconf 84' lang='lat' dir='ltr'><strong>testis</strong></span> <span class='ocrx_word' id='word_1_9' title='bbox 480 478 571 542; x_wconf 88' lang='lat' dir='ltr'><strong>tuae.</strong></span> <span class='ocrx_word' id='word_1_10' title='bbox 613 477 790 544; x_wconf 77' lang='lat' dir='ltr'><strong>decennus</strong></span> <span class='ocrx_word' id='word_1_11' title='bbox 810 475 857 562; x_wconf 88' lang='lat' dir='ltr'><strong>sit</strong></span> <span class='ocrx_word' id='word_1_12' title='bbox 869 492 910 543; x_wconf 89' lang='lat' dir='ltr'><strong>eo</strong></span> <span class='ocrx_word' id='word_1_13' title='bbox 927 491 1081 566; x_wconf 83' lang='lat' dir='ltr'><strong>numero,</strong></span> <span class='ocrx_word' id='word_1_14' title='bbox 1103 494 1167 562; x_wconf 85' lang='lat' dir='ltr'><strong>quo</strong></span> 
     </span>
     <span class='ocr_line' id='line_1_3' title="bbox 112 564 1166 665; baseline 0.002 -20"><span class='ocrx_word' id='word_1_15' title='bbox 112 596 185 646; x_wconf 91' lang='lat' dir='ltr'><strong>eum</strong></span> <span class='ocrx_word' id='word_1_16' title='bbox 206 581 350 649; x_wconf 88' lang='lat' dir='ltr'><strong>maiores</strong></span> <span class='ocrx_word' id='word_1_17' title='bbox 367 582 475 648; x_wconf 86' lang='lat' dir='ltr'><strong>nostri</strong></span> <span class='ocrx_word' id='word_1_18' title='bbox 491 598 571 645; x_wconf 86' lang='lat' dir='ltr'><strong>esse</strong></span> <span class='ocrx_word' id='word_1_19' title='bbox 585 579 781 646; x_wconf 86' lang='lat' dir='ltr'><strong>voluerunt:</strong></span> <span class='ocrx_word' id='word_1_20' title='bbox 804 579 859 665; x_wconf 89' lang='lat' dir='ltr'><strong>qui</strong></span> <span class='ocrx_word' id='word_1_21' title='bbox 871 564 941 646; x_wconf 73' lang='lat' dir='ltr'><strong>&#39;hoc</strong></span> <span class='ocrx_word' id='word_1_22' title='bbox 961 601 1027 648; x_wconf 89' lang='lat' dir='ltr'><strong>non</strong></span> <span class='ocrx_word' id='word_1_23' title='bbox 1047 582 1082 647; x_wconf 90' lang='lat' dir='ltr'><strong>in</strong></span> <span class='ocrx_word' id='word_1_24' title='bbox 1102 580 1166 647; x_wconf 84' lang='lat' dir='ltr'><strong>be·</strong></span> 
     </span>
     <span class='ocr_line' id='line_1_4' title="bbox 112 684 1167 775; baseline -0.001 -21"><span class='ocrx_word' id='word_1_25' title='bbox 112 686 222 754; x_wconf 80' lang='lat' dir='ltr'><strong>aeficii</strong></span> <span class='ocrx_word' id='word_1_26' title='bbox 242 688 334 775; x_wconf 93' lang='lat' dir='ltr'><strong>loco,</strong></span> <span class='ocrx_word' id='word_1_27' title='bbox 356 685 419 753; x_wconf 91' lang='lat' dir='ltr'><strong>sed</strong></span> <span class='ocrx_word' id='word_1_28' title='bbox 440 687 475 751; x_wconf 94' lang='lat' dir='ltr'><strong>in</strong></span> <span class='ocrx_word' id='word_1_29' title='bbox 495 684 620 751; x_wconf 84' lang='lat' dir='ltr'><strong>laboris</strong></span> <span class='ocrx_word' id='word_1_30' title='bbox 635 685 856 773; x_wconf 84' lang='lat' dir='ltr'><strong>aemuneris,</strong></span> <span class='ocrx_word' id='word_1_31' title='bbox 877 706 944 752; x_wconf 91' lang='lat' dir='ltr'><strong>non</strong></span> <span class='ocrx_word' id='word_1_32' title='bbox 962 692 1088 756; x_wconf 84' lang='lat' dir='ltr'><strong>temere</strong></span> <span class='ocrx_word' id='word_1_33' title='bbox 1100 687 1167 754; x_wconf 84' lang='lat' dir='ltr'><strong>nisi</strong></span> 
     </span>
     <span class='ocr_line' id='line_1_5' title="bbox 112 788 1167 879; baseline 0.001 -20"><span class='ocrx_word' id='word_1_34' title='bbox 112 794 244 860; x_wconf 84' lang='lat' dir='ltr'><strong>libertis</strong></span> <span class='ocrx_word' id='word_1_35' title='bbox 267 794 339 860; x_wconf 86' lang='lat' dir='ltr'><strong>suis</strong></span> <span class='ocrx_word' id='word_1_36' title='bbox 367 790 585 878; x_wconf 79' lang='lat' dir='ltr'><strong>deferebant3</strong></span> <span class='ocrx_word' id='word_1_37' title='bbox 616 788 735 875; x_wconf 84' lang='lat' dir='ltr'><strong>quibus</strong></span> <span class='ocrx_word' id='word_1_38' title='bbox 756 790 805 857; x_wconf 93' lang='lat' dir='ltr'><strong>illi</strong></span> <span class='ocrx_word' id='word_1_39' title='bbox 827 792 958 879; x_wconf 84' lang='lat' dir='ltr'><strong>quidem</strong></span> <span class='ocrx_word' id='word_1_40' title='bbox 977 812 1045 859; x_wconf 91' lang='lat' dir='ltr'><strong>non</strong></span> <span class='ocrx_word' id='word_1_41' title='bbox 1064 794 1167 862; x_wconf 90' lang='lat' dir='ltr'><strong>multo</strong></span> 
     </span>
     <span class='ocr_line' id='line_1_6' title="bbox 112 893 1168 986; baseline -0.002 -19"><span class='ocrx_word' id='word_1_42' title='bbox 112 918 213 967; x_wconf 88' lang='lat' dir='ltr'><strong>secus</strong></span> <span class='ocrx_word' id='word_1_43' title='bbox 235 918 277 966; x_wconf 84' lang='lat' dir='ltr'><strong>ac</strong></span> <span class='ocrx_word' id='word_1_44' title='bbox 298 897 409 963; x_wconf 84' lang='lat' dir='ltr'><strong>servis</strong></span> <span class='ocrx_word' id='word_1_45' title='bbox 429 896 644 983; x_wconf 81' lang='lat' dir='ltr'><strong>imperabant.</strong></span> <span class='ocrx_word' id='word_1_46' title='bbox 692 893 752 963; x_wconf 82' lang='lat' dir='ltr'><strong>Sit</strong></span> <span class='ocrx_word' id='word_1_47' title='bbox 768 895 865 963; x_wconf 78' lang='lat' dir='ltr'><strong>lictor</strong></span> <span class='ocrx_word' id='word_1_48' title='bbox 885 916 952 964; x_wconf 84' lang='lat' dir='ltr'><strong>non</strong></span> <span class='ocrx_word' id='word_1_49' title='bbox 972 915 1074 986; x_wconf 87' lang='lat' dir='ltr'><strong>suae,</strong></span> <span class='ocrx_word' id='word_1_50' title='bbox 1105 899 1168 978; x_wconf 77' lang='lat' dir='ltr'><strong>sed</strong></span> 
     </span>
     <span class='ocr_line' id='line_1_7' title="bbox 111 1001 1167 1088; baseline -0.002 -16"><span class='ocrx_word' id='word_1_51' title='bbox 111 1008 192 1072; x_wconf 88' lang='lat' dir='ltr'><strong>tuae</strong></span> <span class='ocrx_word' id='word_1_52' title='bbox 220 1001 368 1069; x_wconf 79' lang='lat' dir='ltr'><strong>lenitatis</strong></span> <span class='ocrx_word' id='word_1_53' title='bbox 393 1001 582 1087; x_wconf 83' lang='lat' dir='ltr'><strong>apparitor:</strong></span> <span class='ocrx_word' id='word_1_54' title='bbox 616 1002 805 1088; x_wconf 84' lang='lat' dir='ltr'><strong>maioraque</strong></span> <span class='ocrx_word' id='word_1_55' title='bbox 829 1002 1026 1088; x_wconf 79' lang='lat' dir='ltr'><strong>praeferant</strong></span> <span class='ocrx_word' id='word_1_56' title='bbox 1053 1002 1167 1070; x_wconf 84' lang='lat' dir='ltr'><strong>fasces</strong></span> 
     </span>
     <span class='ocr_line' id='line_1_8' title="bbox 11 1106 1169 1198; baseline -0.003 -21"><span class='ocrx_word' id='word_1_57' title='bbox 11 1195 12 1198; x_wconf 8' lang='grc' dir='ltr'><strong>Ἴ</strong></span> <span class='ocrx_word' id='word_1_58' title='bbox 111 1111 163 1180; x_wconf 91' lang='lat' dir='ltr'><strong>illi</strong></span> <span class='ocrx_word' id='word_1_59' title='bbox 194 1127 235 1175; x_wconf 90' lang='lat' dir='ltr'><strong>ac</strong></span> <span class='ocrx_word' id='word_1_60' title='bbox 265 1125 401 1174; x_wconf 79' lang='lat' dir='ltr'><strong>secmes</strong></span> <span class='ocrx_word' id='word_1_61' title='bbox 435 1106 611 1195; x_wconf 80' lang='lat' dir='ltr'><strong>dignitatis</strong></span> <span class='ocrx_word' id='word_1_62' title='bbox 642 1109 815 1197; x_wconf 82' lang='lat' dir='ltr'><strong>insignia,</strong></span> <span class='ocrx_word' id='word_1_63' title='bbox 850 1127 946 1195; x_wconf 84' lang='lat' dir='ltr'><strong>quarn</strong></span> <span class='ocrx_word' id='word_1_64' title='bbox 977 1110 1169 1195; x_wconf 85' lang='lat' dir='ltr'><strong>potestatis.</strong></span> 
     </span>
     <span class='ocr_line' id='line_1_9' title="bbox 11 1207 1168 1303; baseline 0.001 -22"><span class='ocrx_word' id='word_1_65' title='bbox 11 1207 13 1232; x_wconf 70' lang='lat'>¹</span> <span class='ocrx_word' id='word_1_66' title='bbox 112 1214 192 1282; x_wconf 84' lang='lat' dir='ltr'><strong>Tuti</strong></span> <span class='ocrx_word' id='word_1_67' title='bbox 212 1213 353 1299; x_wconf 86' lang='lat' dir='ltr'><strong>denique</strong></span> <span class='ocrx_word' id='word_1_68' title='bbox 372 1215 417 1280; x_wconf 83' lang='lat' dir='ltr'><strong>sit</strong></span> <span class='ocrx_word' id='word_1_69' title='bbox 433 1216 627 1300; x_wconf 87' lang='lat' dir='ltr'><strong>provinciae</strong></span> <span class='ocrx_word' id='word_1_70' title='bbox 643 1216 816 1303; x_wconf 81' lang='lat' dir='ltr'><strong>cognitum</strong></span> <span class='ocrx_word' id='word_1_71' title='bbox 832 1217 893 1283; x_wconf 83' lang='lat' dir='ltr'><strong>tibi</strong></span> <span class='ocrx_word' id='word_1_72' title='bbox 910 1218 1069 1301; x_wconf 88' lang='lat' dir='ltr'><strong>omnium,</strong></span> <span class='ocrx_word' id='word_1_73' title='bbox 1092 1215 1168 1302; x_wconf 91' lang='lat' dir='ltr'><strong>qui-</strong></span> 
     </span>
     <span class='ocr_line' id='line_1_10' title="bbox 11 1319 1168 1412; baseline 0.003 -27"><span class='ocrx_word' id='word_1_74' title='bbox 11 1385 13 1404; x_wconf 44' lang='lat'><strong>,</strong></span> <span class='ocrx_word' id='word_1_75' title='bbox 113 1319 176 1386; x_wconf 89' lang='lat' dir='ltr'><strong>bus</strong></span> <span class='ocrx_word' id='word_1_76' title='bbox 192 1321 342 1409; x_wconf 88' lang='lat' dir='ltr'><strong>praesis,</strong></span> <span class='ocrx_word' id='word_1_77' title='bbox 357 1319 518 1411; x_wconf 88' lang='lat' dir='ltr'><strong>salutem,</strong></span> <span class='ocrx_word' id='word_1_78' title='bbox 532 1322 673 1410; x_wconf 86' lang='lat' dir='ltr'><strong>liberos,</strong></span> <span class='ocrx_word' id='word_1_79' title='bbox 688 1323 827 1412; x_wconf 86' lang='lat' dir='ltr'><strong>famam,</strong></span> <span class='ocrx_word' id='word_1_80' title='bbox 848 1323 1000 1390; x_wconf 80' lang='lat' dir='ltr'><strong>fortunas</strong></span> <span class='ocrx_word' id='word_1_81' title='bbox 1013 1341 1092 1389; x_wconf 87' lang='lat' dir='ltr'><strong>esse</strong></span> <span class='ocrx_word' id='word_1_82' title='bbox 1106 1341 1168 1389; x_wconf 87' lang='lat' dir='ltr'><strong>ca-</strong></span> 
     </span>
     <span class='ocr_line' id='line_1_11' title="bbox 11 1409 1170 1519; baseline 0 -25"><span class='ocrx_word' id='word_1_83' title='bbox 11 1409 13 1434; x_wconf 28' lang='grc' dir='ltr'>ἶ</span> <span class='ocrx_word' id='word_1_84' title='bbox 110 1426 273 1494; x_wconf 87' lang='lat' dir='ltr'><strong>rissimas.</strong></span> <span class='ocrx_word' id='word_1_85' title='bbox 321 1427 475 1515; x_wconf 84' lang='lat' dir='ltr'><strong>Denique</strong></span> <span class='ocrx_word' id='word_1_86' title='bbox 495 1429 581 1498; x_wconf 87' lang='lat' dir='ltr'><strong>haec</strong></span> <span class='ocrx_word' id='word_1_87' title='bbox 602 1429 711 1517; x_wconf 90' lang='lat' dir='ltr'><strong>opinio</strong></span> <span class='ocrx_word' id='word_1_88' title='bbox 732 1430 800 1519; x_wconf 85' lang='lat' dir='ltr'><strong>sit,</strong></span> <span class='ocrx_word' id='word_1_89' title='bbox 827 1450 893 1496; x_wconf 90' lang='lat' dir='ltr'><strong>non</strong></span> <span class='ocrx_word' id='word_1_90' title='bbox 914 1428 1011 1498; x_wconf 87' lang='lat' dir='ltr'><strong>modo</strong></span> <span class='ocrx_word' id='word_1_91' title='bbox 1029 1430 1091 1517; x_wconf 90' lang='lat' dir='ltr'><strong>iis,</strong></span> <span class='ocrx_word' id='word_1_92' title='bbox 1113 1430 1170 1517; x_wconf 79' lang='lat' dir='ltr'><strong>qrri</strong></span> 
     </span>
     <span class='ocr_line' id='line_1_12' title="bbox 111 1532 1169 1625; baseline -0.001 -24"><span class='ocrx_word' id='word_1_93' title='bbox 111 1532 238 1619; x_wconf 84' lang='lat' dir='ltr'><strong>aliquid</strong></span> <span class='ocrx_word' id='word_1_94' title='bbox 258 1536 470 1624; x_wconf 85' lang='lat' dir='ltr'><strong>acceperint,</strong></span> <span class='ocrx_word' id='word_1_95' title='bbox 491 1536 554 1602; x_wconf 91' lang='lat' dir='ltr'><strong>sed</strong></span> <span class='ocrx_word' id='word_1_96' title='bbox 573 1537 616 1602; x_wconf 91' lang='lat' dir='ltr'><strong>iis</strong></span> <span class='ocrx_word' id='word_1_97' title='bbox 638 1536 756 1625; x_wconf 89' lang='lat' dir='ltr'><strong>etiam,</strong></span> <span class='ocrx_word' id='word_1_98' title='bbox 777 1536 831 1622; x_wconf 86' lang='lat' dir='ltr'><strong>qui</strong></span> <span class='ocrx_word' id='word_1_99' title='bbox 853 1534 1023 1624; x_wconf 81' lang='lat' dir='ltr'><strong>dederint,</strong></span> <span class='ocrx_word' id='word_1_100' title='bbox 1046 1538 1081 1600; x_wconf 91' lang='lat' dir='ltr'><strong>te</strong></span> <span class='ocrx_word' id='word_1_101' title='bbox 1100 1536 1169 1601; x_wconf 88' lang='lat' dir='ltr'><strong>ini-</strong></span> 
     </span>
     <span class='ocr_line' id='line_1_13' title="bbox 109 1633 1175 1733; baseline -0.005 -22"><span class='ocrx_word' id='word_1_102' title='bbox 109 1642 248 1726; x_wconf 82' lang='lat' dir='ltr'><strong>micum,</strong></span> <span class='ocrx_word' id='word_1_103' title='bbox 276 1643 307 1708; x_wconf 88' lang='lat' dir='ltr'><strong>si</strong></span> <span class='ocrx_word' id='word_1_104' title='bbox 327 1641 361 1707; x_wconf 91' lang='lat' dir='ltr'><strong>id</strong></span> <span class='ocrx_word' id='word_1_105' title='bbox 384 1644 603 1733; x_wconf 80' lang='lat' dir='ltr'><strong>cognoveris,</strong></span> <span class='ocrx_word' id='word_1_106' title='bbox 625 1643 780 1709; x_wconf 86' lang='lat' dir='ltr'><strong>loturum.</strong></span> <span class='ocrx_word' id='word_1_107' title='bbox 829 1642 950 1729; x_wconf 87' lang='lat' dir='ltr'><strong>Neque</strong></span> <span class='ocrx_word' id='word_1_108' title='bbox 970 1660 1053 1709; x_wconf 86' lang='lat' dir='ltr'><strong>vero</strong></span> <span class='ocrx_word' id='word_1_109' title='bbox 1074 1633 1175 1728; x_wconf 57' lang='lat' dir='ltr'><strong>quia«)</strong></span> 
     </span>
     <span class='ocr_line' id='line_1_14' title="bbox 110 1748 1169 1842; baseline 0.002 -29"><span class='ocrx_word' id='word_1_110' title='bbox 110 1766 208 1834; x_wconf 84' lang='lat' dir='ltr'><strong>quam</strong></span> <span class='ocrx_word' id='word_1_111' title='bbox 228 1748 338 1840; x_wconf 87' lang='lat' dir='ltr'><strong>dabit,</strong></span> <span class='ocrx_word' id='word_1_112' title='bbox 368 1770 465 1838; x_wconf 89' lang='lat' dir='ltr'><strong>quum</strong></span> <span class='ocrx_word' id='word_1_113' title='bbox 485 1752 631 1842; x_wconf 85' lang='lat' dir='ltr'><strong>erithoc</strong></span> <span class='ocrx_word' id='word_1_114' title='bbox 652 1754 887 1838; x_wconf 86' lang='lat' dir='ltr'><strong>perspectum,</strong></span> <span class='ocrx_word' id='word_1_115' title='bbox 907 1748 990 1816; x_wconf 83' lang='lat' dir='ltr'><strong>nihil</strong></span> <span class='ocrx_word' id='word_1_116' title='bbox 1009 1767 1073 1836; x_wconf 91' lang='lat' dir='ltr'><strong>per</strong></span> <span class='ocrx_word' id='word_1_117' title='bbox 1092 1765 1169 1834; x_wconf 84' lang='lat' dir='ltr'><strong>eos,</strong></span> 
     </span>
     <span class='ocr_line' id='line_1_15' title="bbox 111 1854 1170 1946; baseline 0.002 -27"><span class='ocrx_word' id='word_1_118' title='bbox 111 1856 168 1940; x_wconf 83' lang='lat' dir='ltr'><strong>qui</strong></span> <span class='ocrx_word' id='word_1_119' title='bbox 189 1855 348 1922; x_wconf 88' lang='lat' dir='ltr'><strong>simulant</strong></span> <span class='ocrx_word' id='word_1_120' title='bbox 368 1876 408 1923; x_wconf 85' lang='lat' dir='ltr'><strong>se</strong></span> <span class='ocrx_word' id='word_1_121' title='bbox 428 1858 516 1944; x_wconf 87' lang='lat' dir='ltr'><strong>apud</strong></span> <span class='ocrx_word' id='word_1_122' title='bbox 536 1862 571 1924; x_wconf 90' lang='lat' dir='ltr'><strong>te</strong></span> <span class='ocrx_word' id='word_1_123' title='bbox 592 1857 727 1924; x_wconf 86' lang='lat' dir='ltr'><strong>multum</strong></span> <span class='ocrx_word' id='word_1_124' title='bbox 747 1875 871 1946; x_wconf 87' lang='lat' dir='ltr'><strong>posse,</strong></span> <span class='ocrx_word' id='word_1_125' title='bbox 905 1857 967 1923; x_wconf 83' lang='lat' dir='ltr'><strong>abs</strong></span> <span class='ocrx_word' id='word_1_126' title='bbox 995 1862 1030 1923; x_wconf 88' lang='lat' dir='ltr'><strong>te</strong></span> <span class='ocrx_word' id='word_1_127' title='bbox 1056 1854 1170 1922; x_wconf 89' lang='lat' dir='ltr'><strong>solere</strong></span> 
     </span>
     <span class='ocr_line' id='line_1_16' title="bbox 109 1955 1269 2050; baseline -0.003 -24"><span class='ocrx_word' id='word_1_128' title='bbox 109 1959 289 2046; x_wconf 86' lang='lat' dir='ltr'><strong>impetrari.</strong></span> <span class='ocrx_word' id='word_1_129' title='bbox 331 1960 407 2027; x_wconf 92' lang='lat' dir='ltr'><strong>Nec</strong></span> <span class='ocrx_word' id='word_1_130' title='bbox 427 1966 540 2050; x_wconf 82' lang='lat' dir='ltr'><strong>tamen</strong></span> <span class='ocrx_word' id='word_1_131' title='bbox 559 1964 644 2032; x_wconf 88' lang='lat' dir='ltr'><strong>haee</strong></span> <span class='ocrx_word' id='word_1_132' title='bbox 659 1966 766 2032; x_wconf 90' lang='lat' dir='ltr'><strong>oratio</strong></span> <span class='ocrx_word' id='word_1_133' title='bbox 785 1984 861 2031; x_wconf 86' lang='lat' dir='ltr'><strong>mea</strong></span> <span class='ocrx_word' id='word_1_134' title='bbox 877 1968 933 2036; x_wconf 80' lang='lat' dir='ltr'><strong>est</strong></span> <span class='ocrx_word' id='word_1_135' title='bbox 951 1961 1114 2030; x_wconf 90' lang='lat' dir='ltr'><strong>eiusmodi</strong></span> <span class='ocrx_word' id='word_1_136' title='bbox 1133 1969 1171 2030; x_wconf 90' lang='lat' dir='ltr'><strong>ut</strong></span> <span class='ocrx_word' id='word_1_137' title='bbox 1212 1955 1269 2024; x_wconf 77' lang='lat'><strong>14.</strong></span> 
     </span>
     <span class='ocr_line' id='line_1_17' title="bbox 107 2064 1169 2156; baseline 0.004 -26"><span class='ocrx_word' id='word_1_138' title='bbox 107 2068 145 2131; x_wconf 90' lang='lat' dir='ltr'><strong>te</strong></span> <span class='ocrx_word' id='word_1_139' title='bbox 165 2064 201 2130; x_wconf 91' lang='lat' dir='ltr'><strong>in</strong></span> <span class='ocrx_word' id='word_1_140' title='bbox 221 2070 295 2132; x_wconf 91' lang='lat' dir='ltr'><strong>tuos</strong></span> <span class='ocrx_word' id='word_1_141' title='bbox 316 2071 376 2133; x_wconf 89' lang='lat' dir='ltr'><strong>aut</strong></span> <span class='ocrx_word' id='word_1_142' title='bbox 396 2066 512 2136; x_wconf 89' lang='lat' dir='ltr'><strong>durum</strong></span> <span class='ocrx_word' id='word_1_143' title='bbox 532 2087 610 2135; x_wconf 86' lang='lat' dir='ltr'><strong>esse</strong></span> <span class='ocrx_word' id='word_1_144' title='bbox 631 2070 765 2139; x_wconf 90' lang='lat' dir='ltr'><strong>nimium</strong></span> <span class='ocrx_word' id='word_1_145' title='bbox 785 2076 843 2139; x_wconf 83' lang='lat' dir='ltr'><strong>aut</strong></span> <span class='ocrx_word' id='word_1_146' title='bbox 864 2069 1084 2156; x_wconf 84' lang='lat' dir='ltr'><strong>suspiciosum</strong></span> <span class='ocrx_word' id='word_1_147' title='bbox 1102 2086 1169 2134; x_wconf 91' lang='lat' dir='ltr'><strong>ve·</strong></span> 
     </span>
     <span class='ocr_line' id='line_1_18' title="bbox 108 2170 1171 2260; baseline 0.002 -25"><span class='ocrx_word' id='word_1_148' title='bbox 108 2170 178 2237; x_wconf 85' lang='lat' dir='ltr'><strong>lim.</strong></span> <span class='ocrx_word' id='word_1_149' title='bbox 226 2172 372 2237; x_wconf 83' lang='lat' dir='ltr'><strong>Nomai</strong></span> <span class='ocrx_word' id='word_1_150' title='bbox 399 2173 473 2257; x_wconf 83' lang='lat' dir='ltr'><strong>quis</strong></span> <span class='ocrx_word' id='word_1_151' title='bbox 495 2177 550 2237; x_wconf 89' lang='lat' dir='ltr'><strong>est</strong></span> <span class='ocrx_word' id='word_1_152' title='bbox 577 2191 708 2260; x_wconf 90' lang='lat' dir='ltr'><strong>eorum,</strong></span> <span class='ocrx_word' id='word_1_153' title='bbox 743 2174 798 2259; x_wconf 87' lang='lat' dir='ltr'><strong>qui</strong></span> <span class='ocrx_word' id='word_1_154' title='bbox 824 2174 885 2240; x_wconf 89' lang='lat' dir='ltr'><strong>tibi</strong></span> <span class='ocrx_word' id='word_1_155' title='bbox 909 2173 1035 2240; x_wconf 85' lang='lat' dir='ltr'><strong>biennii</strong></span> <span class='ocrx_word' id='word_1_156' title='bbox 1060 2173 1171 2259; x_wconf 83' lang='lat' dir='ltr'><strong>spatio</strong></span> 
     </span>
     <span class='ocr_line' id='line_1_19' title="bbox 11 2275 1171 2364; baseline 0 -20"><span class='ocrx_word' id='word_1_157' title='bbox 11 2337 12 2344; x_wconf 74' lang='grc'>,</span> <span class='ocrx_word' id='word_1_158' title='bbox 110 2291 278 2360; x_wconf 87' lang='lat' dir='ltr'><strong>nunquam</strong></span> <span class='ocrx_word' id='word_1_159' title='bbox 299 2276 334 2340; x_wconf 91' lang='lat' dir='ltr'><strong>in</strong></span> <span class='ocrx_word' id='word_1_160' title='bbox 355 2275 577 2360; x_wconf 85' lang='lat' dir='ltr'><strong>suspicionem</strong></span> <span class='ocrx_word' id='word_1_161' title='bbox 605 2277 771 2341; x_wconf 82' lang='lat' dir='ltr'><strong>avaritiae</strong></span> <span class='ocrx_word' id='word_1_162' title='bbox 796 2279 949 2361; x_wconf 82' lang='lat' dir='ltr'><strong>venerit,</strong></span> <span class='ocrx_word' id='word_1_163' title='bbox 971 2314 1012 2325; x_wconf 93' lang='lat'><em>-</em></span> <span class='ocrx_word' id='word_1_164' title='bbox 1038 2282 1076 2342; x_wconf 90' lang='lat' dir='ltr'><strong>nt</strong></span> <span class='ocrx_word' id='word_1_165' title='bbox 1103 2295 1171 2364; x_wconf 81' lang='lat' dir='ltr'><strong>ego</strong></span> 
     </span>
     <span class='ocr_line' id='line_1_20' title="bbox 11 2377 1172 2476; baseline -0.001 -28"><span class='ocrx_word' id='word_1_166' title='bbox 11 2411 13 2476; x_wconf 65' lang='lat' dir='ltr'><strong>j</strong></span> <span class='ocrx_word' id='word_1_167' title='bbox 111 2378 269 2448; x_wconf 70' lang='lat' dir='ltr'><strong>Caesium</strong></span> <span class='ocrx_word' id='word_1_168' title='bbox 295 2384 330 2445; x_wconf 90' lang='lat' dir='ltr'><strong>et</strong></span> <span class='ocrx_word' id='word_1_169' title='bbox 347 2377 568 2473; x_wconf 75' lang='lat' dir='ltr'><strong>Chaerippum</strong></span> <span class='ocrx_word' id='word_1_170' title='bbox 585 2385 621 2464; x_wconf 81' lang='lat' dir='ltr'><strong>et</strong></span> <span class='ocrx_word' id='word_1_171' title='bbox 633 2380 826 2447; x_wconf 84' lang='lat' dir='ltr'><strong>Labeonem</strong></span> <span class='ocrx_word' id='word_1_172' title='bbox 846 2387 881 2447; x_wconf 89' lang='lat' dir='ltr'><strong>et</strong></span> <span class='ocrx_word' id='word_1_173' title='bbox 901 2379 1000 2452; x_wconf 84' lang='lat' dir='ltr'><strong>audio</strong></span> <span class='ocrx_word' id='word_1_174' title='bbox 1021 2386 1073 2470; x_wconf 89' lang='lat' dir='ltr'><strong>et,</strong></span> <span class='ocrx_word' id='word_1_175' title='bbox 1094 2384 1172 2467; x_wconf 83' lang='lat' dir='ltr'><strong>quia</strong></span> 
     </span>
     <span class='ocr_line' id='line_1_21' title="bbox 11 2479 1172 2574; baseline -0.002 -20"><span class='ocrx_word' id='word_1_176' title='bbox 11 2479 12 2484; x_wconf 66' lang='grc'>’</span> <span class='ocrx_word' id='word_1_177' title='bbox 111 2487 274 2574; x_wconf 84' lang='lat' dir='ltr'><strong>cognovi,</strong></span> <span class='ocrx_word' id='word_1_178' title='bbox 304 2487 459 2555; x_wconf 80' lang='lat' dir='ltr'><strong>existimo</strong></span> <span class='ocrx_word' id='word_1_179' title='bbox 490 2522 531 2562; x_wconf 68' lang='lat'><strong>:-</strong></span> <span class='ocrx_word' id='word_1_180' title='bbox 559 2485 641 2552; x_wconf 90' lang='lat' dir='ltr'><strong>nihil</strong></span> <span class='ocrx_word' id='word_1_181' title='bbox 661 2490 737 2574; x_wconf 89' lang='lat' dir='ltr'><strong>est,</strong></span> <span class='ocrx_word' id='word_1_182' title='bbox 770 2484 859 2573; x_wconf 88' lang='lat' dir='ltr'><strong>quod</strong></span> <span class='ocrx_word' id='word_1_183' title='bbox 879 2506 945 2552; x_wconf 93' lang='lat' dir='ltr'><strong>non</strong></span> <span class='ocrx_word' id='word_1_184' title='bbox 966 2489 1002 2553; x_wconf 92' lang='lat' dir='ltr'><strong>et</strong></span> <span class='ocrx_word' id='word_1_185' title='bbox 1022 2486 1064 2551; x_wconf 78' lang='lat' dir='ltr'><strong>iis&#39;</strong></span> <span class='ocrx_word' id='word_1_186' title='bbox 1085 2490 1120 2552; x_wconf 91' lang='lat' dir='ltr'><strong>et</strong></span> <span class='ocrx_word' id='word_1_187' title='bbox 1140 2486 1172 2552; x_wconf 89' lang='lat' dir='ltr'><strong>si</strong></span> 
     </span>
     <span class='ocr_line' id='line_1_22' title="bbox 109 2590 1180 2684; baseline -0.005 -25"><span class='ocrx_word' id='word_1_188' title='bbox 109 2595 185 2684; x_wconf 86' lang='lat' dir='ltr'><strong>quis</strong></span> <span class='ocrx_word' id='word_1_189' title='bbox 206 2597 261 2661; x_wconf 90' lang='lat' dir='ltr'><strong>est</strong></span> <span class='ocrx_word' id='word_1_190' title='bbox 280 2593 366 2660; x_wconf 87' lang='lat' dir='ltr'><strong>alius</strong></span> <span class='ocrx_word' id='word_1_191' title='bbox 387 2591 626 2664; x_wconf 86' lang='lat' dir='ltr'><strong>eiusdemmodi</strong></span> <span class='ocrx_word' id='word_1_192' title='bbox 645 2598 681 2660; x_wconf 89' lang='lat' dir='ltr'><strong>et</strong></span> <span class='ocrx_word' id='word_1_193' title='bbox 701 2594 858 2660; x_wconf 89' lang='lat' dir='ltr'><strong>committi</strong></span> <span class='ocrx_word' id='word_1_194' title='bbox 880 2598 914 2660; x_wconf 92' lang='lat' dir='ltr'><strong>et</strong></span> <span class='ocrx_word' id='word_1_195' title='bbox 935 2590 1029 2660; x_wconf 90' lang='lat' dir='ltr'><strong>credi</strong></span> <span class='ocrx_word' id='word_1_196' title='bbox 1045 2592 1180 2661; x_wconf 85' lang='lat' dir='ltr'><strong>rectis-.</strong></span> 
     </span>
     <span class='ocr_line' id='line_1_23' title="bbox 109 2697 1170 2789; baseline -0.003 -23"><span class='ocrx_word' id='word_1_197' title='bbox 109 2701 194 2766; x_wconf 83' lang='lat' dir='ltr'><strong>sime</strong></span> <span class='ocrx_word' id='word_1_198' title='bbox 220 2704 343 2787; x_wconf 85' lang='lat' dir='ltr'><strong>putem.</strong></span> <span class='ocrx_word' id='word_1_199' title='bbox 399 2698 472 2769; x_wconf 86' lang='lat' dir='ltr'><strong>Sed</strong></span> <span class='ocrx_word' id='word_1_200' title='bbox 493 2700 525 2766; x_wconf 89' lang='lat' dir='ltr'><strong>si</strong></span> <span class='ocrx_word' id='word_1_201' title='bbox 546 2701 619 2786; x_wconf 88' lang='lat' dir='ltr'><strong>quis</strong></span> <span class='ocrx_word' id='word_1_202' title='bbox 640 2705 713 2789; x_wconf 87' lang='lat' dir='ltr'><strong>est,</strong></span> <span class='ocrx_word' id='word_1_203' title='bbox 743 2701 779 2765; x_wconf 92' lang='lat' dir='ltr'><strong>in</strong></span> <span class='ocrx_word' id='word_1_204' title='bbox 800 2701 949 2788; x_wconf 85' lang='lat' dir='ltr'><strong>quoiam</strong></span> <span class='ocrx_word' id='word_1_205' title='bbox 971 2697 1170 2787; x_wconf 80' lang='lat' dir='ltr'><strong>offenderis,</strong></span> 
     </span>
     <span class='ocr_line' id='line_1_24' title="bbox 79 2802 1241 2895; baseline 0 -23"><span class='ocrx_word' id='word_1_206' title='bbox 79 2887 82 2893; x_wconf 86' lang='lat'><em>.</em></span> <span class='ocrx_word' id='word_1_207' title='bbox 109 2806 154 2878; x_wconf 77' lang='lat' dir='ltr'><strong>de</strong></span> <span class='ocrx_word' id='word_1_208' title='bbox 176 2825 240 2894; x_wconf 89' lang='lat' dir='ltr'><strong>quo</strong></span> <span class='ocrx_word' id='word_1_209' title='bbox 261 2807 386 2895; x_wconf 82' lang='lat' dir='ltr'><strong>aliquid</strong></span> <span class='ocrx_word' id='word_1_210' title='bbox 407 2807 583 2892; x_wconf 68' lang='lat' dir='ltr'><strong>senseris,</strong></span> <span class='ocrx_word' id='word_1_211' title='bbox 615 2805 691 2871; x_wconf 91' lang='lat' dir='ltr'><strong>huic</strong></span> <span class='ocrx_word' id='word_1_212' title='bbox 712 2803 795 2869; x_wconf 89' lang='lat' dir='ltr'><strong>nihil</strong></span> <span class='ocrx_word' id='word_1_213' title='bbox 816 2802 1018 2892; x_wconf 84' lang='lat' dir='ltr'><strong>credideris,</strong></span> <span class='ocrx_word' id='word_1_214' title='bbox 1045 2804 1170 2872; x_wconf 91' lang='lat' dir='ltr'><strong>nullam</strong></span> <span class='ocrx_word' id='word_1_215' title='bbox 1237 2841 1241 2844; x_wconf 88' lang='lat'>·</span> 
     </span>
     <span class='ocr_line' id='line_1_25' title="bbox 107 2909 855 3012; baseline -0.005 -33"><span class='ocrx_word' id='word_1_216' title='bbox 107 2917 237 3000; x_wconf 88' lang='lat' dir='ltr'><strong>partem</strong></span> <span class='ocrx_word' id='word_1_217' title='bbox 258 2912 516 2980; x_wconf 86' lang='lat' dir='ltr'><strong>existimationis</strong></span> <span class='ocrx_word' id='word_1_218' title='bbox 538 2917 616 2977; x_wconf 91' lang='lat' dir='ltr'><strong>tuae</strong></span> <span class='ocrx_word' id='word_1_219' title='bbox 638 2909 855 3012; x_wconf 72' lang='lat' dir='ltr'><strong>commiseris,</strong></span> 
     </span>
     <span class='ocr_line' id='line_1_26' title="bbox 110 3069 1171 3143; baseline 0.001 -20"><span class='ocrx_word' id='word_1_220' title='bbox 110 3088 173 3129; x_wconf 77' lang='lat' dir='ltr'><strong>mm.</strong></span> <span class='ocrx_word' id='word_1_221' title='bbox 186 3071 262 3127; x_wconf 79' lang='lat' dir='ltr'><strong>alien.</strong></span> <span class='ocrx_word' id='word_1_222' title='bbox 275 3071 432 3134; x_wconf 78' lang='lat' dir='ltr'><strong>volontatis,</strong></span> <span class='ocrx_word' id='word_1_223' title='bbox 445 3088 502 3143; x_wconf 87' lang='lat' dir='ltr'><strong>quo</strong></span> <span class='ocrx_word' id='word_1_224' title='bbox 516 3072 587 3143; x_wconf 87' lang='lat' dir='ltr'><strong>quia,</strong></span> <span class='ocrx_word' id='word_1_225' title='bbox 624 3072 710 3125; x_wconf 88' lang='lat' dir='ltr'><strong>uoties</strong></span> <span class='ocrx_word' id='word_1_226' title='bbox 726 3070 800 3137; x_wconf 87' lang='lat' dir='ltr'><strong>velit,</strong></span> <span class='ocrx_word' id='word_1_227' title='bbox 814 3071 854 3125; x_wconf 89' lang='lat' dir='ltr'><strong>uti</strong></span> <span class='ocrx_word' id='word_1_228' title='bbox 869 3069 959 3141; x_wconf 78' lang='lat' dir='ltr'><strong>possit.</strong></span> <span class='ocrx_word' id='word_1_229' title='bbox 972 3105 1005 3116; x_wconf 89' lang='lat'><em>-</em></span> <span class='ocrx_word' id='word_1_230' title='bbox 1028 3077 1171 3135; x_wconf 74' lang='lat' dir='ltr'><strong>Accersas,</strong></span> 
     </span>
     <span class='ocr_line' id='line_1_27' title="bbox 59 3134 1172 3210; baseline -0.001 -22"><span class='ocrx_word' id='word_1_231' title='bbox 59 3163 61 3165; x_wconf 92' lang='lat'>·</span> <span class='ocrx_word' id='word_1_232' title='bbox 108 3134 234 3189; x_wconf 83' lang='lat' dir='ltr'><strong>minister</strong></span> <span class='ocrx_word' id='word_1_233' title='bbox 246 3134 384 3206; x_wconf 84' lang='lat' dir='ltr'><strong>publicus,</strong></span> <span class='ocrx_word' id='word_1_234' title='bbox 399 3138 476 3191; x_wconf 90' lang='lat' dir='ltr'><strong>cuius</strong></span> <span class='ocrx_word' id='word_1_235' title='bbox 491 3147 560 3206; x_wconf 87' lang='lat' dir='ltr'><strong>erat,</strong></span> <span class='ocrx_word' id='word_1_236' title='bbox 573 3137 725 3210; x_wconf 73' lang='lat' dir='ltr'><strong>litigatores</strong></span> <span class='ocrx_word' id='word_1_237' title='bbox 738 3138 765 3191; x_wconf 89' lang='lat' dir='ltr'><strong>in</strong></span> <span class='ocrx_word' id='word_1_238' title='bbox 779 3139 870 3192; x_wconf 84' lang='lat' dir='ltr'><strong>forum</strong></span> <span class='ocrx_word' id='word_1_239' title='bbox 883 3135 916 3189; x_wconf 85' lang='lat' dir='ltr'><strong>ad</strong></span> <span class='ocrx_word' id='word_1_240' title='bbox 932 3148 1089 3209; x_wconf 85' lang='lat' dir='ltr'><strong>praetorem</strong></span> <span class='ocrx_word' id='word_1_241' title='bbox 1105 3140 1172 3189; x_wconf 80' lang='lat' dir='ltr'><strong>ciere</strong></span> 
     </span>
     <span class='ocr_line' id='line_1_28' title="bbox 109 3199 1171 3280; baseline -0.001 -27"><span class='ocrx_word' id='word_1_242' title='bbox 109 3201 129 3258; x_wconf 89' lang='lat' dir='ltr'><strong>i.</strong></span> <span class='ocrx_word' id='word_1_243' title='bbox 144 3216 168 3254; x_wconf 84' lang='lat' dir='ltr'><strong>e.</strong></span> <span class='ocrx_word' id='word_1_244' title='bbox 184 3199 334 3279; x_wconf 75' lang='lat' dir='ltr'><strong>advocare,</strong></span> <span class='ocrx_word' id='word_1_245' title='bbox 350 3204 499 3258; x_wconf 82' lang='lat' dir='ltr'><strong>clamantes</strong></span> <span class='ocrx_word' id='word_1_246' title='bbox 513 3203 673 3276; x_wconf 78' lang='lat' dir='ltr'><strong>inerepare,</strong></span> <span class='ocrx_word' id='word_1_247' title='bbox 691 3205 831 3259; x_wconf 83' lang='lat' dir='ltr'><strong>silentium</strong></span> <span class='ocrx_word' id='word_1_248' title='bbox 845 3201 944 3257; x_wconf 87' lang='lat' dir='ltr'><strong>iubere</strong></span> <span class='ocrx_word' id='word_1_249' title='bbox 959 3214 1010 3258; x_wconf 85' lang='lat' dir='ltr'><strong>etc.</strong></span> <span class='ocrx_word' id='word_1_250' title='bbox 1024 3238 1058 3248; x_wconf 88' lang='lat'><em>-</em></span> <span class='ocrx_word' id='word_1_251' title='bbox 1090 3205 1126 3253; x_wconf 80' lang='lat' dir='ltr'><strong>sit</strong></span> <span class='ocrx_word' id='word_1_252' title='bbox 1141 3220 1171 3280; x_wconf 78' lang='lat' dir='ltr'><strong>eo</strong></span> 
     </span>
     <span class='ocr_line' id='line_1_29' title="bbox 110 3269 1172 3351; baseline -0.002 -31"><span class='ocrx_word' id='word_1_253' title='bbox 110 3277 323 3325; x_wconf 71' lang='lat' dir='ltr'><strong>aumcro=1ta</strong></span> <span class='ocrx_word' id='word_1_254' title='bbox 341 3276 500 3347; x_wconf 64' lang='lat' dir='ltr'><strong>tractetur,</strong></span> <span class='ocrx_word' id='word_1_255' title='bbox 514 3269 551 3322; x_wconf 86' lang='lat' dir='ltr'><strong>sie</strong></span> <span class='ocrx_word' id='word_1_256' title='bbox 567 3285 601 3322; x_wconf 86' lang='lat' dir='ltr'><strong>eo</strong></span> <span class='ocrx_word' id='word_1_257' title='bbox 619 3270 713 3325; x_wconf 83' lang='lat' dir='ltr'><strong>uteris.</strong></span> <span class='ocrx_word' id='word_1_258' title='bbox 729 3303 764 3351; x_wconf 77' lang='grc' dir='ltr'><strong>--Ι</strong></span> <span class='ocrx_word' id='word_1_259' title='bbox 802 3273 829 3321; x_wconf 81' lang='lat' dir='ltr'><strong>in</strong></span> <span class='ocrx_word' id='word_1_260' title='bbox 846 3270 958 3338; x_wconf 73' lang='lat' dir='ltr'><strong>beneficii</strong></span> <span class='ocrx_word' id='word_1_261' title='bbox 972 3271 1047 3332; x_wconf 86' lang='lat' dir='ltr'><strong>loeo,</strong></span> <span class='ocrx_word' id='word_1_262' title='bbox 1072 3285 1129 3339; x_wconf 90' lang='lat' dir='ltr'><strong>quo</strong></span> <span class='ocrx_word' id='word_1_263' title='bbox 1147 3283 1172 3319; x_wconf 84' lang='lat' dir='ltr'><strong>er</strong></span> 
     </span>
     <span class='ocr_line' id='line_1_30' title="bbox 109 3335 1173 3483; baseline -0.003 -30"><span class='ocrx_word' id='word_1_264' title='bbox 109 3335 714 3479; x_wconf 58' lang='lat' dir='ltr'><strong>:tiledatttttttttttttttttn</strong></span> <span class='ocrx_word' id='word_1_265' title='bbox 728 3338 1038 3483; x_wconf 61' lang='lat' dir='ltr'><strong>ttdz’dttttttt</strong></span> <span class='ocrx_word' id='word_1_266' title='bbox 1050 3350 1173 3480; x_wconf 62' lang='grc' dir='ltr'><strong>,9ἷοῖἓέῑί</strong></span> 
     </span>
     <span class='ocr_line' id='line_1_31' title="bbox 110 3463 1172 3605; baseline 0.003 -23"><span class='ocrx_word' id='word_1_267' title='bbox 110 3463 639 3598; x_wconf 64' lang='lat' dir='ltr'><strong>ittattttttttfftttttt</strong></span> <span class='ocrx_word' id='word_1_268' title='bbox 657 3467 1034 3605; x_wconf 66' lang='lat' dir='ltr'><strong>lttttt‘tttttt‘tt</strong></span> <span class='ocrx_word' id='word_1_269' title='bbox 1049 3485 1057 3518; x_wconf 93' lang='lat'>¹</span> <span class='ocrx_word' id='word_1_270' title='bbox 1073 3482 1172 3595; x_wconf 66' lang='lat' dir='ltr'><strong>att:</strong></span> 
     </span>
     <span class='ocr_line' id='line_1_32' title="bbox 110 3595 1171 3670; baseline 0.001 -20"><span class='ocrx_word' id='word_1_271' title='bbox 110 3595 211 3653; x_wconf 82' lang='lat' dir='ltr'><strong>Verria</strong></span> <span class='ocrx_word' id='word_1_272' title='bbox 231 3597 329 3664; x_wconf 84' lang='lat' dir='ltr'><strong>lictor,</strong></span> <span class='ocrx_word' id='word_1_273' title='bbox 354 3595 493 3651; x_wconf 88' lang='lat' dir='ltr'><strong>lenitatem</strong></span> <span class='ocrx_word' id='word_1_274' title='bbox 515 3597 543 3654; x_wconf 79' lang='lat' dir='ltr'><strong>iu</strong></span> <span class='ocrx_word' id='word_1_275' title='bbox 565 3614 646 3651; x_wconf 85' lang='lat' dir='ltr'><strong>suum</strong></span> <span class='ocrx_word' id='word_1_276' title='bbox 669 3609 814 3670; x_wconf 80' lang='lat' dir='ltr'><strong>quaestum</strong></span> <span class='ocrx_word' id='word_1_277' title='bbox 839 3609 962 3654; x_wconf 85' lang='lat' dir='ltr'><strong>verteret</strong></span> <span class='ocrx_word' id='word_1_278' title='bbox 984 3601 1171 3670; x_wconf 85' lang='lat' dir='ltr'><strong>venderetqua</strong></span> 
     </span>
     <span class='ocr_line' id='line_1_33' title="bbox 112 3661 1171 3786; baseline 0.001 -70"><span class='ocrx_word' id='word_1_279' title='bbox 112 3662 199 3716; x_wconf 87' lang='lat' dir='ltr'><strong>Verr.</strong></span> <span class='ocrx_word' id='word_1_280' title='bbox 214 3661 301 3786; x_wconf 48' lang='grc' dir='ltr'><strong>ὅςέὅ.</strong></span> <span class='ocrx_word' id='word_1_281' title='bbox 341 3661 420 3741; x_wconf 65' lang='lat' dir='ltr'><strong>[lude</strong></span> <span class='ocrx_word' id='word_1_282' title='bbox 435 3681 491 3722; x_wconf 85' lang='lat' dir='ltr'><strong>uon</strong></span> <span class='ocrx_word' id='word_1_283' title='bbox 507 3674 565 3731; x_wconf 88' lang='lat' dir='ltr'><strong>est,</strong></span> <span class='ocrx_word' id='word_1_284' title='bbox 588 3663 665 3783; x_wconf 42' lang='lat' dir='ltr'><strong>puori</strong></span> <span class='ocrx_word' id='word_1_285' title='bbox 685 3682 747 3745; x_wconf 76' lang='lat' dir='ltr'><strong>eum</strong></span> <span class='ocrx_word' id='word_1_286' title='bbox 764 3663 865 3722; x_wconf 88' lang='lat' dir='ltr'><strong>Ursino</strong></span> <span class='ocrx_word' id='word_1_287' title='bbox 883 3683 936 3717; x_wconf 82' lang='lat' dir='ltr'><strong>non</strong></span> <span class='ocrx_word' id='word_1_288' title='bbox 950 3682 1014 3744; x_wconf 70' lang='lat' dir='ltr'><strong>saue</strong></span> <span class='ocrx_word' id='word_1_289' title='bbox 1029 3666 1171 3746; x_wconf 63' lang='lat' dir='ltr'><strong>saevitiem,</strong></span> 
     </span>
     <span class='ocr_line' id='line_1_34' title="bbox 112 3730 1172 3804; baseline 0.004 -24"><span class='ocrx_word' id='word_1_290' title='bbox 112 3737 162 3781; x_wconf 83' lang='lat' dir='ltr'><strong>aut</strong></span> <span class='ocrx_word' id='word_1_291' title='bbox 179 3746 241 3783; x_wconf 85' lang='lat' dir='ltr'><strong>eum</strong></span> <span class='ocrx_word' id='word_1_292' title='bbox 281 3739 384 3783; x_wconf 84' lang='lat' dir='ltr'><strong>rnestro</strong></span> <span class='ocrx_word' id='word_1_293' title='bbox 407 3748 460 3785; x_wconf 81' lang='lat' dir='ltr'><strong>non</strong></span> <span class='ocrx_word' id='word_1_294' title='bbox 474 3749 538 3785; x_wconf 80' lang='lat' dir='ltr'><strong>auae</strong></span> <span class='ocrx_word' id='word_1_295' title='bbox 560 3750 592 3782; x_wconf 85' lang='lat' dir='ltr'><strong>co</strong></span> <span class='ocrx_word' id='word_1_296' title='bbox 606 3742 706 3783; x_wconf 76' lang='lat' dir='ltr'><strong>aetates</strong></span> <span class='ocrx_word' id='word_1_297' title='bbox 723 3730 855 3804; x_wconf 79' lang='lat' dir='ltr'><strong>legamus.</strong></span> <span class='ocrx_word' id='word_1_298' title='bbox 869 3761 902 3772; x_wconf 94' lang='lat'>-</span> <span class='ocrx_word' id='word_1_299' title='bbox 945 3748 990 3801; x_wconf 83' lang='lat' dir='ltr'><strong>qua</strong></span> <span class='ocrx_word' id='word_1_300' title='bbox 1013 3732 1114 3802; x_wconf 76' lang='lat' dir='ltr'><strong>oquurd</strong></span> <span class='ocrx_word' id='word_1_301' title='bbox 1130 3750 1172 3784; x_wconf 84' lang='lat' dir='ltr'><strong>ae-</strong></span> 
     </span>
     <span class='ocr_line' id='line_1_35' title="bbox 112 3794 1170 3871; baseline 0.007 -27"><span class='ocrx_word' id='word_1_302' title='bbox 112 3796 242 3871; x_wconf 66' lang='lat' dir='ltr'><strong>eepert&#39;nt,</strong></span> <span class='ocrx_word' id='word_1_303' title='bbox 270 3794 399 3851; x_wconf 81' lang='lat' dir='ltr'><strong>nimirum</strong></span> <span class='ocrx_word' id='word_1_304' title='bbox 416 3796 502 3865; x_wconf 85' lang='lat' dir='ltr'><strong>dona,</strong></span> <span class='ocrx_word' id='word_1_305' title='bbox 528 3798 630 3869; x_wconf 86' lang='lat' dir='ltr'><strong>quibua</strong></span> <span class='ocrx_word' id='word_1_306' title='bbox 650 3807 924 3868; x_wconf 79' lang='lat' dir='ltr'><strong>corrumperentur,</strong></span> <span class='ocrx_word' id='word_1_307' title='bbox 943 3806 974 3851; x_wconf 93' lang='lat' dir='ltr'><strong>ut</strong></span> <span class='ocrx_word' id='word_1_308' title='bbox 990 3795 1093 3869; x_wconf 79' lang='lat' dir='ltr'><strong>aliquid</strong></span> <span class='ocrx_word' id='word_1_309' title='bbox 1108 3814 1124 3851; x_wconf 85' lang='lat' dir='ltr'><strong>a</strong></span> <span class='ocrx_word' id='word_1_310' title='bbox 1142 3807 1170 3851; x_wconf 86' lang='lat' dir='ltr'><strong>te</strong></span> 
     </span>
     <span class='ocr_line' id='line_1_36' title="bbox 112 3867 1170 4004; baseline 0.002 -28"><span class='ocrx_word' id='word_1_311' title='bbox 112 3867 415 3994; x_wconf 36' lang='lat' dir='ltr'><strong>mpegsstdfntbaesium</strong></span> <span class='ocrx_word' id='word_1_312' title='bbox 435 3939 460 3979; x_wconf 85' lang='lat' dir='ltr'><strong>et</strong></span> <span class='ocrx_word' id='word_1_313' title='bbox 481 3930 519 3980; x_wconf 77' lang='lat' dir='ltr'><strong>Clo</strong></span> <span class='ocrx_word' id='word_1_314' title='bbox 547 3941 572 3981; x_wconf 83' lang='lat' dir='ltr'><strong>er</strong></span> <span class='ocrx_word' id='word_1_315' title='bbox 589 3929 652 3984; x_wconf 83' lang='lat' dir='ltr'><strong>Lab.</strong></span> <span class='ocrx_word' id='word_1_316' title='bbox 687 3930 719 3983; x_wconf 91' lang='lat' dir='ltr'><strong>In</strong></span> <span class='ocrx_word' id='word_1_317' title='bbox 736 3927 852 3984; x_wconf 87' lang='lat' dir='ltr'><strong>cohorte</strong></span> <span class='ocrx_word' id='word_1_318' title='bbox 871 3927 1017 4000; x_wconf 83' lang='lat' dir='ltr'><strong>praetoris,</strong></span> <span class='ocrx_word' id='word_1_319' title='bbox 1035 3942 1170 4004; x_wconf 79' lang='lat' dir='ltr'><strong>conamen-</strong></span> 
     </span>
    </p>
   </div>
   <div class='ocr_carea' id='block_1_3' title="bbox 110 3987 1172 4139">
    <p class='ocr_par' dir='ltr' id='par_1_3' title="bbox 110 3987 1172 4139">
     <span class='ocr_line' id='line_1_37' title="bbox 110 3987 1172 4113; baseline 0 -67"><span class='ocrx_word' id='word_1_320' title='bbox 110 3987 217 4046; x_wconf 77' lang='lat' dir='ltr'><strong>atlibut</strong></span> <span class='ocrx_word' id='word_1_321' title='bbox 233 3994 379 4113; x_wconf 53' lang='lat' dir='ltr'><strong>perviafiue</strong></span> <span class='ocrx_word' id='word_1_322' title='bbox 396 3993 488 4051; x_wconf 79' lang='lat' dir='ltr'><strong>amicis</strong></span> <span class='ocrx_word' id='word_1_323' title='bbox 508 3994 591 4050; x_wconf 68' lang='lat' dir='ltr'><strong>faiam</strong></span> <span class='ocrx_word' id='word_1_324' title='bbox 609 3993 745 4051; x_wconf 83' lang='lat' dir='ltr'><strong>videntur.</strong></span> <span class='ocrx_word' id='word_1_325' title='bbox 759 4030 793 4041; x_wconf 88' lang='lat'><em>-</em></span> <span class='ocrx_word' id='word_1_326' title='bbox 825 3998 861 4051; x_wconf 26' lang='lat' dir='ltr'><strong>ssi</strong></span> <span class='ocrx_word' id='word_1_327' title='bbox 877 3997 935 4068; x_wconf 77' lang='lat' dir='ltr'><strong>quir</strong></span> <span class='ocrx_word' id='word_1_328' title='bbox 951 4022 983 4046; x_wconf 91' lang='lat'>=</span> <span class='ocrx_word' id='word_1_329' title='bbox 1003 3994 1091 4060; x_wconf 67' lang='grc' dir='ltr'><strong><em>εἴτις,</em></strong></span> <span class='ocrx_word' id='word_1_330' title='bbox 1113 4009 1172 4062; x_wconf 82' lang='lat' dir='ltr'><strong>qur·</strong></span> 
     </span>
     <span class='ocr_line' id='line_1_38' title="bbox 113 4054 1171 4139; baseline -0.002 -30"><span class='ocrx_word' id='word_1_331' title='bbox 113 4071 234 4139; x_wconf 67' lang='lat' dir='ltr'><strong>cunque.</strong></span> <span class='ocrx_word' id='word_1_332' title='bbox 267 4060 303 4115; x_wconf 86' lang='lat' dir='ltr'><strong>V.</strong></span> <span class='ocrx_word' id='word_1_333' title='bbox 347 4056 500 4129; x_wconf 79' lang='lat' dir='ltr'><strong>amah.‘§.1</strong></span> <span class='ocrx_word' id='word_1_334' title='bbox 542 4078 596 4129; x_wconf 80' lang='lat' dir='ltr'><strong>,a‚</strong></span> <span class='ocrx_word' id='word_1_335' title='bbox 612 4073 668 4117; x_wconf 90' lang='lat' dir='ltr'><strong>not.</strong></span> <span class='ocrx_word' id='word_1_336' title='bbox 686 4081 757 4119; x_wconf 81' lang='lat' dir='ltr'><strong>r.-</strong></span> <span class='ocrx_word' id='word_1_337' title='bbox 791 4062 944 4133; x_wconf 60' lang='lat' dir='ltr'><strong>offirmas,</strong></span> <span class='ocrx_word' id='word_1_338' title='bbox 968 4063 994 4116; x_wconf 87' lang='lat' dir='ltr'><strong>h.</strong></span> <span class='ocrx_word' id='word_1_339' title='bbox 1012 4062 1034 4116; x_wconf 56' lang='grc' dir='ltr'><strong>Ι.γ</strong></span> <span class='ocrx_word' id='word_1_340' title='bbox 1051 4069 1107 4116; x_wconf 79' lang='lat' dir='ltr'><strong>eat:</strong></span> <span class='ocrx_word' id='word_1_341' title='bbox 1130 4054 1171 4108; x_wconf 84' lang='lat' dir='ltr'><strong>of·</strong></span> 
     </span>
    </p>
   </div>
   <div class='ocr_carea' id='block_1_4' title="bbox 11 4120 1170 4238">
    <p class='ocr_par' dir='ltr' id='par_1_4' title="bbox 11 4120 1170 4238">
     <span class='ocr_line' id='line_1_39' title="bbox 11 4120 1170 4238; baseline -0.002 -58"><span class='ocrx_word' id='word_1_342' title='bbox 11 4131 13 4238; x_wconf 49' lang='grc' dir='ltr'>ἱ</span> <span class='ocrx_word' id='word_1_343' title='bbox 111 4120 262 4182; x_wconf 75' lang='lat' dir='ltr'><strong>stratonem</strong></span> <span class='ocrx_word' id='word_1_344' title='bbox 279 4125 426 4202; x_wconf 77' lang='lat' dir='ltr'><strong>acceperis.</strong></span> <span class='ocrx_word' id='word_1_345' title='bbox 462 4128 496 4184; x_wconf 82' lang='lat' dir='ltr'><strong>V.</strong></span> <span class='ocrx_word' id='word_1_346' title='bbox 545 4143 600 4187; x_wconf 83' lang='lat' dir='ltr'><strong>aer.</strong></span> <span class='ocrx_word' id='word_1_347' title='bbox 614 4129 646 4186; x_wconf 91' lang='lat' dir='ltr'><strong>B.</strong></span> <span class='ocrx_word' id='word_1_348' title='bbox 662 4129 693 4185; x_wconf 85' lang='lat' dir='ltr'><strong>G.</strong></span> <span class='ocrx_word' id='word_1_349' title='bbox 709 4146 739 4197; x_wconf 76' lang='lat' dir='ltr'><strong>a,</strong></span> <span class='ocrx_word' id='word_1_350' title='bbox 752 4130 794 4187; x_wconf 71' lang='lat'><strong>3¹.</strong></span> <span class='ocrx_word' id='word_1_351' title='bbox 828 4128 939 4185; x_wconf 79' lang='lat' dir='ltr'><strong>Luccei.</strong></span> <span class='ocrx_word' id='word_1_352' title='bbox 951 4129 980 4184; x_wconf 90' lang='lat' dir='ltr'><strong>in</strong></span> <span class='ocrx_word' id='word_1_353' title='bbox 993 4128 1051 4182; x_wconf 82' lang='lat' dir='ltr'><strong>cio.</strong></span> <span class='ocrx_word' id='word_1_354' title='bbox 1067 4141 1113 4195; x_wconf 83' lang='lat' dir='ltr'><strong>ep.</strong></span> <span class='ocrx_word' id='word_1_355' title='bbox 1134 4121 1170 4178; x_wconf 82' lang='lat' dir='ltr'><strong>ed</strong></span> 
     </span>
    </p>
   </div>
   <div class='ocr_carea' id='block_1_5' title="bbox 0 0 1510 5067">
    <p class='ocr_par' dir='ltr' id='par_1_5' title="bbox 0 0 1510 5067">
     <span class='ocr_line' id='line_1_40' title="bbox 0 0 1510 5067; baseline 0 0"><span class='ocrx_word' id='word_1_356' title='bbox 0 0 1510 5067; x_wconf 95' lang='lat' dir='ltr'><strong> </strong></span> 
     </span>
    </p>
   </div>
  </div>
 </body>
</html>
