3009 5067
332 325 387 395 84
474 331 510 392 Μ.
532 328 563 390 Τ.
584 327 766 391 CICERONIS
787 327 938 391 urtstot.
959 329 1008 389 All
1030 326 1062 401 Q.
1081 325 1250 390 FRATREM

332 524 463 595 essem,
491 511 528 573 tu
550 505 641 596 scir,
673 503 752 593 quid
773 505 819 572 sit
838 500 1066 592 interpellare.
1107 508 1164 572 An
1185 511 1221 574 te
1240 501 1391 575 Ateius?

245 654 249 665 ·
333 610 527 681 Mehercule
547 611 628 678 mihi
649 610 774 677 (locere
794 608 924 679 videris
944 612 1043 676 istius
1070 612 1212 698 generis
1239 612 1390 682 humani-

335 724 456 787 tatemc
478 737 542 806 qua
562 717 693 815 quidem
713 735 781 805 ego
802 716 886 783 nihil
905 722 982 783 utor
998 715 1060 783 abs
1078 723 1122 784 te.
1165 719 1217 784 Tu
1231 739 1336 811 ivero,
1356 716 1392 790 ui

334 844 387 893 mc
408 833 443 894 et
463 826 615 913 appelles
637 829 673 892 et
693 825 889 912 interpelles
907 829 942 892 et
956 823 1135 911 ohloquure
1154 830 1189 891 et
1204 824 1410 915 colloquare

334 933 446 1001 velim.
488 932 575 1017 Quid
590 932 678 999 enim
691 931 771 998 mihi
784 922 955 997 suevius?
995 930 1074 997 Non
1094 923 1285 1000 mehercule
1299 935 1390 1020 quis-

334 1059 432 1126 quam
470 1040 752 1123 μονονννάτακτος
783 1036 942 1119 libentius
971 1057 1034 1104 sue
1061 1040 1212 1106 recentia
1239 1045 1392 1127 poemate

335 1146 441 1233 legit,
471 1165 569 1232 quum
597 1162 665 1231 ego
693 1149 727 1210 te
758 1143 856 1209 audio
883 1161 1078 1230 quacunque
1105 1144 1148 1210 tle
1175 1160 1231 1234 re,
1262 1147 1393 1234 publica

334 1255 489 1339 private,
510 1236 655 1337 rustice,¹
671 1249 810 1314 urbana.
859 1249 932 1316 Sed
954 1269 1029 1316 meu
1048 1252 1173 1333 fuctum
1193 1257 1247 1318 est
1266 1253 1394 1319 insulsa

335 1357 557 1445 verecundis,
579 1361 616 1422 ut
632 1360 667 1422 te
680 1354 898 1442 proficiscens
910 1374 978 1422 non
993 1356 1155 1424 tollerem.
1197 1358 1395 1446 Opposuisti

337 1465 442 1535 semel
463 1466 705 1527 ἀναντίλεκτον
727 1479 883 1550 causam,
904 1461 1080 1531 Ciceronis
1097 1466 1203 1532 nostri
1222 1467 1393 1534 valetudi-

259 1574 293 1642 2.
333 1592 429 1658 nem3
458 1572 619 1645 conticuit
646 1571 766 1637 iterum
787 1567 991 1660 Cicerones3
1022 1572 1144 1657 quievi.
1194 1572 1294 1638 Nunc
1314 1573 1393 1641 mihi

334 1679 550 1748 iucunditatis
563 1678 663 1765 plenu
676 1677 821 1763 epistola
834 1677 897 1749 hoc
911 1677 1083 1763 adspersit
1202 1679 1287 1766 tice,
1305 1679 1393 1765 quod

335 1784 480 1869 videris,
512 1803 556 1850 ne
584 1781 664 1847 mihi
691 1782 854 1848 molestus
882 1801 999 1870 esses,
1028 1785 1117 1850 verit
1186 1802 1265 1853 esse
1294 1792 1393 1873 atque

335 1892 525 1959 etiamnunc
541 1889 663 1956 vereri.
705 1887 894 1975 litigarem
915 1894 1046 1977 tecum,
1068 1891 1099 1957 si
1118 1891 1172 1957 ies
1194 1896 1311 1958 esset:
1332 1892 1394 1958 sed

335 1997 525 2066 mehercule
545 1996 632 2066 istuc
653 1995 684 2060 si
705 2014 848 2082 unquam
868 1998 1062 2084 suspicatus
1083 2017 1161 2085 ero,
1182 1999 1266 2065 nihil
1287 1999 1393 2066 dicum

336 2105 450 2192 uliud,
479 2102 547 2169 nisi
571 2102 733 2189 uerebor,
761 2120 807 2167 ne
836 2103 968 2187 quando
991 2123 1059 2193 ego
1085 2104 1165 2194 tihi,
1198 2126 1295 2192 quum
1322 2125 1394 2172 sum

281 2230 285 2237 ·
335 2210 605 2297 unu‚.molestus
622 2210 695 2276 sim.
729 2208 838 2277 Video
854 2215 889 2277 tc
907 2210 1128 2299 ingemuisse.
1162 2211 1222 2281 Sic
1241 2212 1298 2303 fit,
1321 2215 1349 2275 et
1366 2211 1393 2271 δ’

338 2325 372 2384 tv
393 2319 454 2403 atq
478 2315 595 2395 ἔζησαν
608 2330 627 2359 ⁶
643 2335 811 2401 nunquam
832 2318 920 2384 enim
941 2317 1068 2406 dicum,
1090 2316 1129 2380 ἔα
1150 2322 1274 2393 πάσας.
1316 2320 1394 2387 Μο-

336 2499 353 2554 ἰ.
364 2516 388 2559 e.
404 2500 427 2553 si
442 2499 478 2554 ita
493 2495 605 2570 negotiis
621 2511 708 2549 essem
722 2493 853 2565 obrutus,
867 2508 898 2552 ut
913 2496 1084 2569 interpellari
1100 2515 1218 2569 possem,
1236 2509 1268 2553 ut
1282 2498 1395 2553 alieuius

336 2565 507 2621 mererentur
524 2561 588 2616 mihi
604 2563 735 2614 molestus
755 2573 835 2616 esset.
853 2594 884 2605 -
927 2575 957 2615 tu
975 2566 1045 2627 sets,
1070 2566 1134 2634 quid
1153 2568 1189 2617 sit
1207 2566 1393 2634 interpellare,

336 2629 457 2700 indeque
471 2643 613 2699 uunquam
630 2645 686 2680 uon
701 2628 880 2699 tempestivus
896 2627 930 2680 au
947 2648 990 2683 me
1008 2630 1122 2685 accedis.
1139 2664 1172 2674 -
1187 2638 1229 2684 An
1247 2643 1272 2682 te
1281 2632 1396 2683 Ateius?

338 2712 377 2755 sc·
400 2695 574 2766 interpellat,
601 2704 632 2748 ut
655 2691 752 2745 eodem
772 2693 854 2748 modo
877 2705 904 2750 te
928 2696 991 2748 mihi
1011 2696 1168 2768 importune
1190 2697 1282 2750 venire
1306 2707 1397 2768 putes.

336 2763 469 2814 Fortasse
484 2761 570 2817 intell.
590 2762 619 2813 0.
635 2760 728 2813 Ateius
747 2761 858 2830 Capeto,
886 2761 920 2813 de
939 2778 997 2832 quo
1014 2764 1048 2814 ud
1065 2767 1120 2816 Ait.
1144 2763 1188 2831 ν3,
1202 2763 1251 2828 33,
1269 2767 1294 2828 4.
1316 2760 1395 2816 dicit:

338 2826 439 2881 »Nosti
456 2825 621 2900 diligentiam
640 2824 782 2894 Capitonis
797 2826 825 2879 in
841 2826 928 2880 rebus
948 2828 1024 2880 novis
1042 2827 1255 2898 perquirendis«
1283 2829 1332 2896 qui
1354 2845 1399 2881 re·

338 2910 402 2946 rum
416 2910 550 2951 novarum
569 2892 768 2946 audiendarum
783 2891 933 2963 cupiditate
949 2891 1048 2946 ductus
1065 2893 1131 2945 elios
1149 2892 1341 2961 interpellasse
1360 2894 1400 2946 ri·

338 2955 428 3013 detur.
444 2991 476 3003 -
509 2960 612 3011 videris.
650 2957 731 3028 Vulg.
749 2958 887 3010 videberis.
904 2990 936 3000 -
977 2960 1054 3008 νὀιίννο
1066 2959 1171 3024 generis
1187 2957 1398 3022 humanitatem,

339 3040 395 3095 qua
412 3025 488 3096 quis,
504 3023 655 3093 nuscetur,
673 3026 744 3078 iuter
766 3024 921 3079 ellatiouem
940 3022 1032 3076 multis
1048 3020 1138 3076 verbis
1157 3039 1288 3076 excusare
1307 3026 1397 3094 possit

339 3091 490 3161 solentque.
504 3121 537 3132 -
571 3090 636 3143 ntttt
645 3103 708 3143 utor
726 3041 773 3145 ait
789 3101 831 3152 te,
850 3084 982 3142 eiusmodi
1002 3087 1152 3142 verborum
1171 3088 1311 3143 lenociniis
1332 3090 1398 3142 mihi

338 3155 406 3211 nihil
419 3174 490 3228 opus
502 3166 542 3210 est
553 3173 567 3208 a
579 3166 615 3223 te,
632 3158 653 3210 si
667 3173 709 3209 me
723 3155 839 3210 invisere
855 3155 984 3209 volueris.
1002 3157 1110 3209 Scthtz.
1125 3185 1157 3196 -
1192 3156 1334 3227 obloquare
1347 3173 1398 3226 op·

338 3224 452 3295 ponitur
469 3241 493 3275 v.
511 3223 678 3291 colloquere,
701 3220 829 3292 idemque
845 3221 905 3274 fere
923 3220 1056 3293 significat
1072 3218 1148 3293 quod
1169 3222 1344 3291 interpellare.
1361 3249 1396 3262 -·

339 3288 546 3359 μονονπάτονννς
572 3289 589 3340 i.
604 3305 634 3358 q.
657 3287 849 3355 μουσόληπτος,
865 3304 880 3339 a
898 3288 985 3343 Musis
1006 3305 1171 3359 percussus,
1196 3288 1288 3342 subito
1304 3290 1396 3341 Musa-

339 3374 402 3409 rum
418 3352 513 3408 afflatu
527 3353 677 3407 concitatus
716 3354 814 3408 furore
832 3355 942 3425 poetico
957 3365 1115 3426 correptus.
1131 3388 1164 3399 -
1206 3356 1326 3406 tollerem
1342 3369 1398 3405 me·

340 3439 401 3475 eum
415 3420 539 3475 comitem
553 3419 654 3474 itineris
670 3392 847 3476 aiducerem.
859 3453 892 3464 -
925 3421 1101 3474 ἀναντίλεκτον
1117 3419 1133 3473 i.
1150 3438 1172 3473 e.
1187 3421 1232 3473 cui
1245 3417 1399 3472 contradici

340 3503 395 3543 uon
409 3496 508 3557 potest.
551 3486 600 3540 Est
617 3487 775 3540 coniectura
790 3486 906 3543 Victorii
921 3489 1006 3540 Varr.
1025 3487 1099 3540 lectt.
1115 3488 1148 3553 6,
1163 3487 1187 3541 6.
1203 3505 1229 3555 7.
1250 3501 1333 3556 quum
1352 3502 1399 3539 re·

340 3553 412 3622 cepit
433 3551 561 3619 schith,
586 3552 676 3622 aptior
698 3568 782 3623 quam
801 3551 882 3605 lertio
904 3549 1021 3605 Manutii
1041 3555 1205 3606 descisceret
1234 3547 1398 3619 (adductam

339 3629 434 3670 contra
449 3620 617 3673 voluntatem
632 3635 734 3683 meam,
751 3617 769 3672 i.
784 3634 807 3671 e.
826 3615 979 3687 oppositam
997 3619 1130 3673 voluntati
1147 3622 1252 3684 meae),
1274 3615 1398 3685 probata

340 3683 376 3735 ub
393 3683 574 3741 Ernestio.-
606 3685 659 3737 cte.
675 3695 778 3745 nostr„
796 3683 843 3735 filii
859 3682 909 3738 tui.
925 3714 958 3725 -
990 3686 1087 3736 iterum
1107 3687 1239 3736 Cicerones
1255 3698 1293 3734 se.
1307 3698 1398 3753 oppo-

308 3750 312 3757 '
340 3749 432 3818 susci,
454 3749 470 3803 i.
489 3767 511 3804 e.
531 3749 595 3805 mihi
607 3751 708 3805 iterum
730 3760 758 3803 te
778 3747 902 3802 invitanti
921 3764 1032 3802 causam
1055 3747 1221 3823 opposuisti,
1245 3748 1397 3802 Cicerones

339 3826 450 3870 nostros
467 3827 515 3870 tua
533 3833 614 3888 egere
631 3832 707 3868 curu.

311 3930 314 3939 =
404 3901 428 3963 §-
446 3912 470 3947 ο.
491 3899 517 3947 si
527 3915 641 3968 unquam
654 3899 805 3971 suspicatus
817 3913 874 3957 ero,
891 3894 914 3948 si
928 3912 1049 3967 unquam
1066 3891 1285 3948 animadvertero
1301 3905 1326 3949 te
1341 3894 1397 3948 hoe

341 3977 400 4016 esse
412 3961 509 4014 auimo.
523 3992 555 4005 -
588 3963 757 4027 ῃὶννόνννοον·
770 3986 802 4008 =
816 3961 921 4014 nisime
937 3962 1035 4015 vereri.
1048 3991 1080 4003 -
1112 3960 1191 4011 Video
1208 3973 1234 4012 te
1247 3964 1340 4029 r’ugem.

340 4027 437 4092 πείσας.
470 4026 545 4077 Haec
561 4027 645 4079 verba
663 4028 794 4093 schulsa,
811 4042 898 4097 quum
913 4028 941 4080 in
956 4029 1007 4080 hoo
1022 4024 1152 4078 orationis
1171 4037 1300 4081 contextu
1314 4024 1398 4095 nullo

340 4091 424 4147 modo
442 4091 572 4161 explicari
588 4091 708 4162 possint,
733 4101 812 4145 trans
832 4092 938 4145 ouenda
954 4091 1065 4145 censuit
1078 4089 1112 4144 uti
1131 4093 1212 4146 sunem
1233 4091 1309 4164 epist.
1329 4101 1411 4162 post*

342 4158 442 4214 verba:
464 4162 504 4211 tte
521 4157 679 4226 republica.
697 4189 728 4200 -
772 4110 831 4209 aii
846 4159 871 4211 ἐν
886 4159 932 4227 al‘p
950 4156 1039 4226 ἔζησαν
1064 4157 1082 4214 i.
1097 4173 1122 4213 e.
1144 4160 1167 4212 si
1189 4175 1254 4213 vero
1272 4159 1298 4212 iu
1318 4167 1400 4211 terra
