<?xml version="1.0" encoding="UTF-8"?>
<!DOCTYPE html PUBLIC "-//W3C//DTD XHTML 1.0 Transitional//EN"
    "http://www.w3.org/TR/xhtml1/DTD/xhtml1-transitional.dtd">
<html xmlns="http://www.w3.org/1999/xhtml" xml:lang="en" lang="en">
 <head>
  <title>
</title>
<meta http-equiv="Content-Type" content="text/html;charset=utf-8" />
  <meta name='ocr-system' content='tesseract 3.04.00' />
  <meta name='ocr-capabilities' content='ocr_page ocr_carea ocr_par ocr_line ocrx_word'/>
</head>
<body>
  <div class='ocr_page' id='page_1' title='image "./mtulliiciceroni00hoffgoog_0035.png"; bbox 0 0 3009 5067; ppageno 0'>
   <div class='ocr_carea' id='block_1_1' title="bbox 524 302 1187 375">
    <p class='ocr_par' dir='ltr' id='par_1_1' title="bbox 524 302 1187 375">
     <span class='ocr_line' id='line_1_1' title="bbox 524 302 1187 375; baseline 0 0"><span class='ocrx_word' id='word_1_1' title='bbox 524 312 625 375; x_wconf 72' lang='lat' dir='ltr'><strong>lini</strong></span> <span class='ocrx_word' id='word_1_2' title='bbox 667 310 760 373; x_wconf 73' lang='lat' dir='ltr'><strong>EM</strong></span> <span class='ocrx_word' id='word_1_3' title='bbox 1120 302 1187 375; x_wconf 55' lang='lat'><strong>2³</strong></span> 
     </span>
    </p>
   </div>
   <div class='ocr_carea' id='block_1_2' title="bbox 93 489 1270 1963">
    <p class='ocr_par' dir='ltr' id='par_1_2' title="bbox 93 489 1270 1963">
     <span class='ocr_line' id='line_1_2' title="bbox 125 489 1185 578; baseline -0.003 -15"><span class='ocrx_word' id='word_1_4' title='bbox 125 495 309 564; x_wconf 78' lang='lat' dir='ltr'><strong>cecidetis</strong></span> <span class='ocrx_word' id='word_1_5' title='bbox 327 494 451 562; x_wconf 76' lang='lat' dir='ltr'><strong>ultimis</strong></span> <span class='ocrx_word' id='word_1_6' title='bbox 471 491 593 578; x_wconf 86' lang='lat' dir='ltr'><strong>terris,</strong></span> <span class='ocrx_word' id='word_1_7' title='bbox 625 507 723 575; x_wconf 83' lang='lat' dir='ltr'><strong>quum</strong></span> <span class='ocrx_word' id='word_1_8' title='bbox 742 490 902 559; x_wconf 79' lang='lat' dir='ltr'><strong>audierim</strong></span> <span class='ocrx_word' id='word_1_9' title='bbox 920 490 956 557; x_wconf 91' lang='lat' dir='ltr'><strong>in</strong></span> <span class='ocrx_word' id='word_1_10' title='bbox 977 489 1078 557; x_wconf 81' lang='lat' dir='ltr'><strong>ltsliu</strong></span> <span class='ocrx_word' id='word_1_11' title='bbox 1098 507 1185 577; x_wconf 85' lang='lat' dir='ltr'><strong>quc·</strong></span> 
     </span>
     <span class='ocr_line' id='line_1_3' title="bbox 125 595 1184 682; baseline -0.004 -15"><span class='ocrx_word' id='word_1_12' title='bbox 125 601 218 669; x_wconf 81' lang='lat' dir='ltr'><strong>relus</strong></span> <span class='ocrx_word' id='word_1_13' title='bbox 238 603 372 670; x_wconf 88' lang='lat' dir='ltr'><strong>civinm.</strong></span> <span class='ocrx_word' id='word_1_14' title='bbox 413 599 481 665; x_wconf 82' lang='lat' dir='ltr'><strong>ilic</strong></span> <span class='ocrx_word' id='word_1_15' title='bbox 500 601 536 664; x_wconf 90' lang='lat' dir='ltr'><strong>te</strong></span> <span class='ocrx_word' id='word_1_16' title='bbox 556 598 606 663; x_wconf 87' lang='lat' dir='ltr'><strong>its</strong></span> <span class='ocrx_word' id='word_1_17' title='bbox 624 595 779 682; x_wconf 76' lang='lat' dir='ltr'><strong>versari,</strong></span> <span class='ocrx_word' id='word_1_18' title='bbox 806 602 844 662; x_wconf 89' lang='lat' dir='ltr'><strong>ut</strong></span> <span class='ocrx_word' id='word_1_19' title='bbox 864 601 899 662; x_wconf 87' lang='lat' dir='ltr'><strong>el</strong></span> <span class='ocrx_word' id='word_1_20' title='bbox 919 596 1104 682; x_wconf 73' lang='lat' dir='ltr'><strong>publicanis</strong></span> <span class='ocrx_word' id='word_1_21' title='bbox 1125 615 1184 663; x_wconf 82' lang='lat' dir='ltr'><strong>ss-</strong></span> 
     </span>
     <span class='ocr_line' id='line_1_4' title="bbox 125 700 1184 792; baseline -0.002 -19"><span class='ocrx_word' id='word_1_22' title='bbox 125 706 298 792; x_wconf 66' lang='lat' dir='ltr'><strong>tosseim,</strong></span> <span class='ocrx_word' id='word_1_23' title='bbox 323 703 522 790; x_wconf 81' lang='lat' dir='ltr'><strong>praesertim</strong></span> <span class='ocrx_word' id='word_1_24' title='bbox 541 700 683 789; x_wconf 74' lang='lat' dir='ltr'><strong>poblicis</strong></span> <span class='ocrx_word' id='word_1_25' title='bbox 703 702 792 769; x_wconf 86' lang='lat' dir='ltr'><strong>mslc</strong></span> <span class='ocrx_word' id='word_1_26' title='bbox 811 703 991 789; x_wconf 81' lang='lat' dir='ltr'>redemtis,</span> <span class='ocrx_word' id='word_1_27' title='bbox 1016 709 1052 771; x_wconf 87' lang='lat' dir='ltr'><strong>et</strong></span> <span class='ocrx_word' id='word_1_28' title='bbox 1071 706 1184 771; x_wconf 85' lang='lat' dir='ltr'><strong>socios</strong></span> 
     </span>
     <span class='ocr_line' id='line_1_5' title="bbox 123 805 1185 912; baseline 0.004 -36"><span class='ocrx_word' id='word_1_29' title='bbox 123 812 236 899; x_wconf 82' lang='lat' dir='ltr'><strong>perire</strong></span> <span class='ocrx_word' id='word_1_30' title='bbox 251 830 320 876; x_wconf 88' lang='lat' dir='ltr'><strong>non</strong></span> <span class='ocrx_word' id='word_1_31' title='bbox 333 809 439 893; x_wconf 85' lang='lat' dir='ltr'><strong>sines,</strong></span> <span class='ocrx_word' id='word_1_32' title='bbox 461 805 597 876; x_wconf 83' lang='lat' dir='ltr'><strong>divinae</strong></span> <span class='ocrx_word' id='word_1_33' title='bbox 609 808 927 877; x_wconf 71' lang='lat' dir='ltr'><strong>cuiusdsmrirtntis</strong></span> <span class='ocrx_word' id='word_1_34' title='bbox 946 829 1025 902; x_wconf 83' lang='lat' dir='ltr'><strong>esse</strong></span> <span class='ocrx_word' id='word_1_35' title='bbox 1041 811 1185 912; x_wconf 63' lang='lat' dir='ltr'><strong>videtur,</strong></span> 
     </span>
     <span class='ocr_line' id='line_1_6' title="bbox 124 913 1184 1004; baseline 0 -18"><span class='ocrx_word' id='word_1_36' title='bbox 124 918 160 988; x_wconf 89' lang='lat' dir='ltr'><strong>id</strong></span> <span class='ocrx_word' id='word_1_37' title='bbox 182 920 257 1004; x_wconf 82' lang='lat' dir='ltr'><strong>est,</strong></span> <span class='ocrx_word' id='word_1_38' title='bbox 281 920 370 982; x_wconf 76' lang='lat' dir='ltr'><strong>tuse.</strong></span> <span class='ocrx_word' id='word_1_39' title='bbox 417 915 470 982; x_wconf 86' lang='lat' dir='ltr'><strong>Ac</strong></span> <span class='ocrx_word' id='word_1_40' title='bbox 484 914 628 999; x_wconf 86' lang='lat' dir='ltr'><strong>primum</strong></span> <span class='ocrx_word' id='word_1_41' title='bbox 648 913 811 1001; x_wconf 75' lang='lat' dir='ltr'><strong>Graccis,</strong></span> <span class='ocrx_word' id='word_1_42' title='bbox 837 915 874 983; x_wconf 90' lang='lat' dir='ltr'><strong>id</strong></span> <span class='ocrx_word' id='word_1_43' title='bbox 894 915 980 1001; x_wconf 88' lang='lat' dir='ltr'><strong>quod</strong></span> <span class='ocrx_word' id='word_1_44' title='bbox 1001 918 1184 986; x_wconf 80' lang='lat' dir='ltr'><strong>acerbissi-</strong></span> 
     </span>
     <span class='ocr_line' id='line_1_7' title="bbox 127 1018 1270 1110; baseline 0.001 -21"><span class='ocrx_word' id='word_1_45' title='bbox 127 1043 215 1092; x_wconf 88' lang='lat' dir='ltr'><strong>mum</strong></span> <span class='ocrx_word' id='word_1_46' title='bbox 236 1025 308 1108; x_wconf 86' lang='lat' dir='ltr'><strong>est,</strong></span> <span class='ocrx_word' id='word_1_47' title='bbox 330 1018 416 1107; x_wconf 89' lang='lat' dir='ltr'><strong>quod</strong></span> <span class='ocrx_word' id='word_1_48' title='bbox 431 1023 510 1085; x_wconf 90' lang='lat' dir='ltr'><strong>sunt</strong></span> <span class='ocrx_word' id='word_1_49' title='bbox 526 1020 743 1110; x_wconf 69' lang='lat' dir='ltr'><strong>uectigales,¹</strong></span> <span class='ocrx_word' id='word_1_50' title='bbox 757 1041 825 1087; x_wconf 90' lang='lat' dir='ltr'><strong>non</strong></span> <span class='ocrx_word' id='word_1_51' title='bbox 841 1022 890 1088; x_wconf 83' lang='lat' dir='ltr'><strong>its</strong></span> <span class='ocrx_word' id='word_1_52' title='bbox 907 1022 1063 1091; x_wconf 79' lang='lat' dir='ltr'><strong>acerbum</strong></span> <span class='ocrx_word' id='word_1_53' title='bbox 1078 1024 1186 1092; x_wconf 87' lang='lat' dir='ltr'><strong>videri</strong></span> <span class='ocrx_word' id='word_1_54' title='bbox 1266 1099 1270 1106; x_wconf 81' lang='lat'><em>.</em></span> 
     </span>
     <span class='ocr_line' id='line_1_8' title="bbox 125 1125 1186 1217; baseline 0 -20"><span class='ocrx_word' id='word_1_55' title='bbox 125 1130 249 1217; x_wconf 67' lang='lat' dir='ltr'><strong>debet3</strong></span> <span class='ocrx_word' id='word_1_56' title='bbox 270 1130 449 1215; x_wconf 80' lang='lat' dir='ltr'><strong>prepterea</strong></span> <span class='ocrx_word' id='word_1_57' title='bbox 470 1125 559 1212; x_wconf 87' lang='lat' dir='ltr'><strong>quod</strong></span> <span class='ocrx_word' id='word_1_58' title='bbox 578 1128 812 1215; x_wconf 88' lang='lat' dir='ltr'><strong>sineimperio</strong></span> <span class='ocrx_word' id='word_1_59' title='bbox 833 1129 1100 1216; x_wconf 80' lang='lat' dir='ltr'><strong>populillomuni</strong></span> <span class='ocrx_word' id='word_1_60' title='bbox 1114 1132 1186 1197; x_wconf 86' lang='lat' dir='ltr'><strong>suis</strong></span> 
     </span>
     <span class='ocr_line' id='line_1_9' title="bbox 128 1231 1185 1323; baseline 0.001 -21"><span class='ocrx_word' id='word_1_61' title='bbox 128 1235 290 1302; x_wconf 68' lang='lat' dir='ltr'><strong>institutis</strong></span> <span class='ocrx_word' id='word_1_62' title='bbox 300 1251 373 1319; x_wconf 78' lang='lat' dir='ltr'><strong>per</strong></span> <span class='ocrx_word' id='word_1_63' title='bbox 392 1232 518 1319; x_wconf 80' lang='lat' dir='ltr'><strong>seipsi</strong></span> <span class='ocrx_word' id='word_1_64' title='bbox 537 1232 588 1308; x_wconf 73' lang='lat' dir='ltr'><strong>its</strong></span> <span class='ocrx_word' id='word_1_65' title='bbox 604 1231 748 1302; x_wconf 83' lang='lat' dir='ltr'><strong>fuerunt.</strong></span> <span class='ocrx_word' id='word_1_66' title='bbox 790 1234 924 1303; x_wconf 81' lang='lat' dir='ltr'><strong>Nomen</strong></span> <span class='ocrx_word' id='word_1_67' title='bbox 944 1239 1057 1305; x_wconf 85' lang='lat' dir='ltr'><strong>sutem</strong></span> <span class='ocrx_word' id='word_1_68' title='bbox 1072 1236 1185 1323; x_wconf 91' lang='lat' dir='ltr'><strong>publi·</strong></span> 
     </span>
     <span class='ocr_line' id='line_1_10' title="bbox 124 1341 1186 1431; baseline -0.004 -19"><span class='ocrx_word' id='word_1_69' title='bbox 124 1341 398 1427; x_wconf 78' lang='lat' dir='ltr'><strong>canisspemmi</strong></span> <span class='ocrx_word' id='word_1_70' title='bbox 418 1358 486 1406; x_wconf 90' lang='lat' dir='ltr'><strong>uon</strong></span> <span class='ocrx_word' id='word_1_71' title='bbox 505 1345 672 1427; x_wconf 82' lang='lat' dir='ltr'><strong>possunt,</strong></span> <span class='ocrx_word' id='word_1_72' title='bbox 702 1341 758 1429; x_wconf 80' lang='lat' dir='ltr'><strong>qui</strong></span> <span class='ocrx_word' id='word_1_73' title='bbox 778 1341 927 1430; x_wconf 87' lang='lat' dir='ltr'><strong>pendere</strong></span> <span class='ocrx_word' id='word_1_74' title='bbox 945 1343 1012 1429; x_wconf 90' lang='lat' dir='ltr'><strong>ipsi</strong></span> <span class='ocrx_word' id='word_1_75' title='bbox 1031 1343 1186 1431; x_wconf 80' lang='lat' dir='ltr'><strong>vectigal</strong></span> 
     </span>
     <span class='ocr_line' id='line_1_11' title="bbox 126 1435 1185 1536; baseline 0.002 -20"><span class='ocrx_word' id='word_1_76' title='bbox 126 1435 401 1535; x_wconf 86' lang='lat' dir='ltr'><strong>sinepubliesno</strong></span> <span class='ocrx_word' id='word_1_77' title='bbox 417 1466 486 1513; x_wconf 85' lang='lat' dir='ltr'><strong>nou</strong></span> <span class='ocrx_word' id='word_1_78' title='bbox 502 1450 701 1533; x_wconf 76' lang='lat' dir='ltr'><strong>potnerunt,</strong></span> <span class='ocrx_word' id='word_1_79' title='bbox 721 1446 811 1533; x_wconf 82' lang='lat' dir='ltr'><strong>quod</strong></span> <span class='ocrx_word' id='word_1_80' title='bbox 826 1448 866 1513; x_wconf 91' lang='lat' dir='ltr'><strong>iis</strong></span> <span class='ocrx_word' id='word_1_81' title='bbox 884 1449 1071 1536; x_wconf 82' lang='lat' dir='ltr'><strong>sepculiter</strong></span> <span class='ocrx_word' id='word_1_82' title='bbox 1085 1448 1185 1518; x_wconf 82' lang='lat' dir='ltr'><strong>Sulla</strong></span> 
     </span>
     <span class='ocr_line' id='line_1_12' title="bbox 93 1553 1184 1645; baseline -0.001 -23"><span class='ocrx_word' id='word_1_83' title='bbox 93 1642 94 1645; x_wconf 8' lang='grc' dir='ltr'><strong>Ἴ</strong></span> <span class='ocrx_word' id='word_1_84' title='bbox 124 1554 366 1641; x_wconf 74' lang='lat' dir='ltr'><strong>descripserat</strong></span> <span class='ocrx_word' id='word_1_85' title='bbox 419 1553 499 1620; x_wconf 89' lang='lat' dir='ltr'><strong>Non</strong></span> <span class='ocrx_word' id='word_1_86' title='bbox 523 1571 604 1622; x_wconf 88' lang='lat' dir='ltr'><strong>esse</strong></span> <span class='ocrx_word' id='word_1_87' title='bbox 633 1557 745 1620; x_wconf 85' lang='lat' dir='ltr'><strong>sulem</strong></span> <span class='ocrx_word' id='word_1_88' title='bbox 773 1554 921 1623; x_wconf 88' lang='lat' dir='ltr'><strong>leniores</strong></span> <span class='ocrx_word' id='word_1_89' title='bbox 947 1556 983 1621; x_wconf 87' lang='lat' dir='ltr'><strong>in</strong></span> <span class='ocrx_word' id='word_1_90' title='bbox 1003 1555 1184 1641; x_wconf 77' lang='lat' dir='ltr'><strong>exigendis</strong></span> 
     </span>
     <span class='ocr_line' id='line_1_13' title="bbox 122 1659 1184 1749; baseline -0.001 -20"><span class='ocrx_word' id='word_1_91' title='bbox 122 1661 354 1748; x_wconf 79' lang='lat' dir='ltr'><strong>vectigalibus</strong></span> <span class='ocrx_word' id='word_1_92' title='bbox 374 1659 527 1729; x_wconf 78' lang='lat' dir='ltr'><strong>Graecos</strong></span> <span class='ocrx_word' id='word_1_93' title='bbox 547 1678 643 1749; x_wconf 85' lang='lat' dir='ltr'><strong>quum</strong></span> <span class='ocrx_word' id='word_1_94' title='bbox 660 1664 798 1727; x_wconf 88' lang='lat' dir='ltr'><strong>nostros</strong></span> <span class='ocrx_word' id='word_1_95' title='bbox 814 1661 1012 1748; x_wconf 71' lang='lat' dir='ltr'><strong>publicanos</strong></span> <span class='ocrx_word' id='word_1_96' title='bbox 1032 1661 1109 1727; x_wconf 89' lang='lat' dir='ltr'><strong>binc</strong></span> <span class='ocrx_word' id='word_1_97' title='bbox 1127 1662 1184 1728; x_wconf 89' lang='lat' dir='ltr'><strong>in-</strong></span> 
     </span>
     <span class='ocr_line' id='line_1_14' title="bbox 123 1766 1183 1858; baseline -0.004 -20"><span class='ocrx_word' id='word_1_98' title='bbox 123 1766 237 1855; x_wconf 80' lang='lat' dir='ltr'><strong>telligi</strong></span> <span class='ocrx_word' id='word_1_99' title='bbox 256 1772 389 1855; x_wconf 82' lang='lat' dir='ltr'><strong>potest,</strong></span> <span class='ocrx_word' id='word_1_100' title='bbox 403 1768 499 1855; x_wconf 67' lang='lat' dir='ltr'><strong>‘quod</strong></span> <span class='ocrx_word' id='word_1_101' title='bbox 522 1766 641 1836; x_wconf 75' lang='lat' dir='ltr'><strong>Caunii</strong></span> <span class='ocrx_word' id='word_1_102' title='bbox 661 1787 768 1856; x_wconf 84' lang='lat' dir='ltr'><strong>nuper</strong></span> <span class='ocrx_word' id='word_1_103' title='bbox 789 1786 970 1856; x_wconf 84' lang='lat' dir='ltr'><strong>omnesque</strong></span> <span class='ocrx_word' id='word_1_104' title='bbox 991 1786 1035 1836; x_wconf 84' lang='lat' dir='ltr'><strong>ex</strong></span> <span class='ocrx_word' id='word_1_105' title='bbox 1051 1768 1183 1858; x_wconf 85' lang='lat' dir='ltr'><strong>insulis,</strong></span> 
     </span>
     <span class='ocr_line' id='line_1_15' title="bbox 122 1873 1184 1963; baseline 0.001 -21"><span class='ocrx_word' id='word_1_106' title='bbox 122 1892 210 1959; x_wconf 72' lang='lat' dir='ltr'><strong>punc</strong></span> <span class='ocrx_word' id='word_1_107' title='bbox 237 1879 334 1942; x_wconf 84' lang='lat' dir='ltr'><strong>erent</strong></span> <span class='ocrx_word' id='word_1_108' title='bbox 360 1875 403 1942; x_wconf 84' lang='lat' dir='ltr'><strong>sb</strong></span> <span class='ocrx_word' id='word_1_109' title='bbox 433 1874 533 1943; x_wconf 84' lang='lat' dir='ltr'><strong>Sulis</strong></span> <span class='ocrx_word' id='word_1_110' title='bbox 558 1873 699 1943; x_wconf 81' lang='lat' dir='ltr'><strong>Rhodiis</strong></span> <span class='ocrx_word' id='word_1_111' title='bbox 727 1875 930 1963; x_wconf 80' lang='lat' dir='ltr'><strong>attributae,</strong></span> <span class='ocrx_word' id='word_1_112' title='bbox 958 1874 1184 1963; x_wconf 81' lang='lat' dir='ltr'><strong>confugerunt</strong></span> 
     </span>
    </p>
   </div>
   <div class='ocr_carea' id='block_1_3' title="bbox 9 1976 1184 2069">
    <p class='ocr_par' dir='ltr' id='par_1_3' title="bbox 9 1976 1184 2069">
     <span class='ocr_line' id='line_1_16' title="bbox 9 1976 1184 2069; baseline 0.002 -24"><span class='ocrx_word' id='word_1_113' title='bbox 9 2061 11 2066; x_wconf 23' lang='grc' dir='ltr'>Ι</span> <span class='ocrx_word' id='word_1_114' title='bbox 48 2019 60 2036; x_wconf 84' lang='lat'><strong>.</strong></span> <span class='ocrx_word' id='word_1_115' title='bbox 124 1976 377 2064; x_wconf 78' lang='lat' dir='ltr'><strong>adsecutum,</strong></span> <span class='ocrx_word' id='word_1_116' title='bbox 407 1979 505 2045; x_wconf 88' lang='lat' dir='ltr'><strong>nobis</strong></span> <span class='ocrx_word' id='word_1_117' title='bbox 531 1983 569 2045; x_wconf 91' lang='lat' dir='ltr'><strong>ut</strong></span> <span class='ocrx_word' id='word_1_118' title='bbox 596 1982 707 2067; x_wconf 85' lang='lat' dir='ltr'><strong>potius</strong></span> <span class='ocrx_word' id='word_1_119' title='bbox 733 1983 888 2069; x_wconf 81' lang='lat' dir='ltr'><strong>vectigal</strong></span> <span class='ocrx_word' id='word_1_120' title='bbox 916 1999 1014 2069; x_wconf 78' lang='lat' dir='ltr'><strong>quem</strong></span> <span class='ocrx_word' id='word_1_121' title='bbox 1040 1981 1184 2049; x_wconf 86' lang='lat' dir='ltr'><strong>Rhodiis</strong></span> 
     </span>
    </p>
   </div>
   <div class='ocr_carea' id='block_1_4' title="bbox 84 2082 1291 2489">
    <p class='ocr_par' dir='ltr' id='par_1_4' title="bbox 84 2082 1291 2489">
     <span class='ocr_line' id='line_1_17' title="bbox 124 2082 1184 2175; baseline 0.003 -25"><span class='ocrx_word' id='word_1_122' title='bbox 124 2082 322 2170; x_wconf 82' lang='lat' dir='ltr'><strong>penderent.</strong></span> <span class='ocrx_word' id='word_1_123' title='bbox 373 2082 487 2166; x_wconf 73' lang='lat' dir='ltr'><strong>Quare</strong></span> <span class='ocrx_word' id='word_1_124' title='bbox 515 2101 636 2150; x_wconf 87' lang='lat' dir='ltr'><strong>nomen</strong></span> <span class='ocrx_word' id='word_1_125' title='bbox 667 2086 837 2173; x_wconf 80' lang='lat' dir='ltr'><strong>publicani</strong></span> <span class='ocrx_word' id='word_1_126' title='bbox 854 2095 974 2175; x_wconf 75' lang='lat' dir='ltr'><strong>&#39;neque</strong></span> <span class='ocrx_word' id='word_1_127' title='bbox 1004 2089 1029 2154; x_wconf 92' lang='lat' dir='ltr'><strong>ii</strong></span> <span class='ocrx_word' id='word_1_128' title='bbox 1060 2086 1184 2154; x_wconf 85' lang='lat' dir='ltr'><strong>debent</strong></span> 
     </span>
     <span class='ocr_line' id='line_1_18' title="bbox 84 2189 1184 2281; baseline 0.003 -25"><span class='ocrx_word' id='word_1_129' title='bbox 84 2271 86 2276; x_wconf 11' lang='lat' dir='ltr'>y</span> <span class='ocrx_word' id='word_1_130' title='bbox 126 2189 282 2275; x_wconf 86' lang='lat' dir='ltr'><strong>horrere,</strong></span> <span class='ocrx_word' id='word_1_131' title='bbox 313 2189 371 2273; x_wconf 90' lang='lat' dir='ltr'><strong>qui</strong></span> <span class='ocrx_word' id='word_1_132' title='bbox 389 2189 734 2275; x_wconf 81' lang='lat' dir='ltr'><strong>semper-vectigales</strong></span> <span class='ocrx_word' id='word_1_133' title='bbox 754 2190 907 2281; x_wconf 64' lang='lat' dir='ltr'><strong>suernntp</strong></span> <span class='ocrx_word' id='word_1_134' title='bbox 937 2210 1048 2278; x_wconf 88' lang='lat' dir='ltr'><strong>neque</strong></span> <span class='ocrx_word' id='word_1_135' title='bbox 1072 2193 1096 2257; x_wconf 92' lang='lat' dir='ltr'><strong>ii</strong></span> <span class='ocrx_word' id='word_1_136' title='bbox 1122 2211 1184 2259; x_wconf 82' lang='lat' dir='ltr'><strong>es·</strong></span> 
     </span>
     <span class='ocr_line' id='line_1_19' title="bbox 125 2293 1184 2387; baseline 0.002 -28"><span class='ocrx_word' id='word_1_137' title='bbox 125 2294 280 2381; x_wconf 80' lang='lat' dir='ltr'><strong>percari,</strong></span> <span class='ocrx_word' id='word_1_138' title='bbox 309 2293 364 2379; x_wconf 86' lang='lat' dir='ltr'><strong>qui</strong></span> <span class='ocrx_word' id='word_1_139' title='bbox 390 2311 453 2378; x_wconf 90' lang='lat' dir='ltr'><strong>per</strong></span> <span class='ocrx_word' id='word_1_140' title='bbox 479 2309 519 2358; x_wconf 85' lang='lat' dir='ltr'><strong>sc</strong></span> <span class='ocrx_word' id='word_1_141' title='bbox 545 2294 696 2379; x_wconf 85' lang='lat' dir='ltr'><strong>pendere</strong></span> <span class='ocrx_word' id='word_1_142' title='bbox 723 2294 876 2382; x_wconf 83' lang='lat' dir='ltr'><strong>vectigel</strong></span> <span class='ocrx_word' id='word_1_143' title='bbox 896 2311 965 2359; x_wconf 87' lang='lat' dir='ltr'><strong>non</strong></span> <span class='ocrx_word' id='word_1_144' title='bbox 984 2299 1184 2387; x_wconf 80' lang='lat' dir='ltr'><strong>potuerunt3</strong></span> 
     </span>
     <span class='ocr_line' id='line_1_20' title="bbox 125 2397 1291 2489; baseline 0.002 -24"><span class='ocrx_word' id='word_1_145' title='bbox 125 2418 235 2485; x_wconf 85' lang='lat' dir='ltr'><strong>neque</strong></span> <span class='ocrx_word' id='word_1_146' title='bbox 257 2400 476 2489; x_wconf 77' lang='lat' dir='ltr'><strong>iirecussre,</strong></span> <span class='ocrx_word' id='word_1_147' title='bbox 504 2401 559 2487; x_wconf 81' lang='lat' dir='ltr'><strong>qui</strong></span> <span class='ocrx_word' id='word_1_148' title='bbox 586 2400 866 2487; x_wconf 77' lang='lat' dir='ltr'><strong>postulaverunt·</strong></span> <span class='ocrx_word' id='word_1_149' title='bbox 888 2397 1014 2468; x_wconf 79' lang='lat' dir='ltr'><strong>-Simul</strong></span> <span class='ocrx_word' id='word_1_150' title='bbox 1041 2403 1077 2465; x_wconf 87' lang='lat' dir='ltr'><strong>et</strong></span> <span class='ocrx_word' id='word_1_151' title='bbox 1101 2399 1183 2467; x_wconf 90' lang='lat' dir='ltr'><strong>illud</strong></span> <span class='ocrx_word' id='word_1_152' title='bbox 1276 2411 1291 2453; x_wconf 67' lang='lat'><strong>·‘</strong></span> 
     </span>
    </p>
   </div>
   <div class='ocr_carea' id='block_1_5' title="bbox 9 2531 1183 2639">
    <p class='ocr_par' dir='ltr' id='par_1_5' title="bbox 9 2531 1183 2639">
     <span class='ocr_line' id='line_1_21' title="bbox 9 2531 1183 2639; baseline 0.002 -25"><span class='ocrx_word' id='word_1_153' title='bbox 9 2537 10 2566; x_wconf 86' lang='lat'>³</span> <span class='ocrx_word' id='word_1_154' title='bbox 89 2562 91 2566; x_wconf 89' lang='lat'>·</span> <span class='ocrx_word' id='word_1_155' title='bbox 125 2559 305 2627; x_wconf 72' lang='lat' dir='ltr'><strong>u‚16,l.-</strong></span> <span class='ocrx_word' id='word_1_156' title='bbox 340 2558 556 2639; x_wconf 63' lang='lat' dir='ltr'><strong>nemnem)</strong></span> <span class='ocrx_word' id='word_1_157' title='bbox 580 2560 638 2615; x_wconf 75' lang='lat' dir='ltr'><strong>nr.</strong></span> <span class='ocrx_word' id='word_1_158' title='bbox 655 2560 726 2615; x_wconf 76' lang='lat' dir='ltr'><strong>uem</strong></span> <span class='ocrx_word' id='word_1_159' title='bbox 745 2558 836 2633; x_wconf 72' lang='lat' dir='ltr'><strong>quom</strong></span> <span class='ocrx_word' id='word_1_160' title='bbox 851 2531 1047 2614; x_wconf 56' lang='lat' dir='ltr'><strong>simonem.</strong></span> <span class='ocrx_word' id='word_1_161' title='bbox 1060 2593 1094 2606; x_wconf 84' lang='grc'>-</span> <span class='ocrx_word' id='word_1_162' title='bbox 1132 2562 1183 2617; x_wconf 70' lang='lat' dir='ltr'><strong>ma</strong></span> 
     </span>
    </p>
   </div>
   <div class='ocr_carea' id='block_1_6' title="bbox 125 2626 1182 2694">
    <p class='ocr_par' dir='ltr' id='par_1_6' title="bbox 125 2626 1182 2694">
     <span class='ocr_line' id='line_1_22' title="bbox 125 2626 1182 2694; baseline 0 -14"><span class='ocrx_word' id='word_1_163' title='bbox 125 2650 159 2680; x_wconf 60' lang='grc' dir='ltr'><strong>κ.-</strong></span> <span class='ocrx_word' id='word_1_164' title='bbox 172 2627 201 2680; x_wconf 78' lang='lat' dir='ltr'><strong>in</strong></span> <span class='ocrx_word' id='word_1_165' title='bbox 216 2626 269 2680; x_wconf 86' lang='lat' dir='ltr'><strong>bac</strong></span> <span class='ocrx_word' id='word_1_166' title='bbox 284 2643 381 2694; x_wconf 88' lang='lat' dir='ltr'><strong>causa,</strong></span> <span class='ocrx_word' id='word_1_167' title='bbox 399 2628 449 2680; x_wconf 88' lang='lat' dir='ltr'><strong>bac</strong></span> <span class='ocrx_word' id='word_1_168' title='bbox 465 2641 561 2681; x_wconf 88' lang='lat' dir='ltr'><strong>rerum</strong></span> <span class='ocrx_word' id='word_1_169' title='bbox 574 2628 746 2693; x_wconf 82' lang='lat' dir='ltr'><strong>conditione,</strong></span> <span class='ocrx_word' id='word_1_170' title='bbox 770 2637 803 2681; x_wconf 90' lang='lat' dir='ltr'><strong>ut</strong></span> <span class='ocrx_word' id='word_1_171' title='bbox 819 2626 919 2681; x_wconf 81' lang='lat' dir='ltr'><strong>Graec.</strong></span> <span class='ocrx_word' id='word_1_172' title='bbox 939 2627 1060 2682; x_wconf 65' lang='lat' dir='ltr'><strong>braida.</strong></span> <span class='ocrx_word' id='word_1_173' title='bbox 1076 2659 1110 2672; x_wconf 85' lang='lat'><em>-</em></span> <span class='ocrx_word' id='word_1_174' title='bbox 1142 2628 1182 2680; x_wconf 78' lang='lat' dir='ltr'><strong>ita</strong></span> 
     </span>
    </p>
   </div>
   <div class='ocr_carea' id='block_1_7' title="bbox 125 2691 1182 2813">
    <p class='ocr_par' dir='ltr' id='par_1_7' title="bbox 125 2691 1182 2813">
     <span class='ocr_line' id='line_1_23' title="bbox 125 2691 1182 2813; baseline 0.003 -67"><span class='ocrx_word' id='word_1_175' title='bbox 125 2703 228 2746; x_wconf 75' lang='lat' dir='ltr'><strong>uersare</strong></span> <span class='ocrx_word' id='word_1_176' title='bbox 242 2700 274 2742; x_wconf 56' lang='grc' dir='ltr'><strong>ε</strong></span> <span class='ocrx_word' id='word_1_177' title='bbox 291 2693 328 2746; x_wconf 87' lang='lat' dir='ltr'><strong>ita</strong></span> <span class='ocrx_word' id='word_1_178' title='bbox 344 2702 371 2746; x_wconf 83' lang='lat' dir='ltr'><strong>le</strong></span> <span class='ocrx_word' id='word_1_179' title='bbox 389 2709 497 2765; x_wconf 78' lang='lat' dir='ltr'><strong>gerere.</strong></span> <span class='ocrx_word' id='word_1_180' title='bbox 513 2726 546 2738; x_wconf 93' lang='lat'><em>-</em></span> <span class='ocrx_word' id='word_1_181' title='bbox 569 2695 688 2813; x_wconf 68' lang='lat' dir='ltr'><strong>publicis</strong></span> <span class='ocrx_word' id='word_1_182' title='bbox 704 2695 773 2746; x_wconf 83' lang='lat' dir='ltr'><strong>mele</strong></span> <span class='ocrx_word' id='word_1_183' title='bbox 789 2692 913 2745; x_wconf 77' lang='lat' dir='ltr'><strong>redemtis</strong></span> <span class='ocrx_word' id='word_1_184' title='bbox 933 2692 948 2747; x_wconf 87' lang='lat' dir='ltr'><strong>i.</strong></span> <span class='ocrx_word' id='word_1_185' title='bbox 963 2709 987 2747; x_wconf 89' lang='lat' dir='ltr'><strong>c.</strong></span> <span class='ocrx_word' id='word_1_186' title='bbox 1004 2691 1182 2766; x_wconf 87' lang='lat' dir='ltr'><strong>vectigalibus</strong></span> 
     </span>
    </p>
   </div>
   <div class='ocr_carea' id='block_1_8' title="bbox 124 2752 1184 3151">
    <p class='ocr_par' dir='ltr' id='par_1_8' title="bbox 124 2752 1184 3151">
     <span class='ocr_line' id='line_1_24' title="bbox 125 2752 1184 2832; baseline -0.001 -19"><span class='ocrx_word' id='word_1_187' title='bbox 125 2759 238 2830; x_wconf 77' lang='lat' dir='ltr'><strong>nimium</strong></span> <span class='ocrx_word' id='word_1_188' title='bbox 255 2776 352 2832; x_wconf 87' lang='lat' dir='ltr'><strong>magno</strong></span> <span class='ocrx_word' id='word_1_189' title='bbox 366 2759 517 2815; x_wconf 87' lang='lat' dir='ltr'><strong>conductis.</strong></span> <span class='ocrx_word' id='word_1_190' title='bbox 546 2760 568 2813; x_wconf 87' lang='lat' dir='ltr'>C</span> <span class='ocrx_word' id='word_1_191' title='bbox 603 2758 852 2831; x_wconf 73' lang='lat' dir='ltr'><strong>addit.1‚r7‚9·</strong></span> <span class='ocrx_word' id='word_1_192' title='bbox 885 2752 963 2814; x_wconf 82' lang='lat' dir='ltr'><strong>Suet.</strong></span> <span class='ocrx_word' id='word_1_193' title='bbox 977 2760 1028 2815; x_wconf 91' lang='lat' dir='ltr'><strong>Iul.</strong></span> <span class='ocrx_word' id='word_1_194' title='bbox 1043 2776 1089 2813; x_wconf 85' lang='lat' dir='ltr'><strong>sc:</strong></span> <span class='ocrx_word' id='word_1_195' title='bbox 1107 2761 1184 2813; x_wconf 77' lang='lat' dir='ltr'><strong>»Pu-</strong></span> 
     </span>
     <span class='ocr_line' id='line_1_25' title="bbox 125 2822 1181 2898; baseline -0.001 -18"><span class='ocrx_word' id='word_1_196' title='bbox 125 2825 248 2880; x_wconf 80' lang='lat' dir='ltr'><strong>blicanos</strong></span> <span class='ocrx_word' id='word_1_197' title='bbox 268 2824 454 2881; x_wconf 73' lang='lat' dir='ltr'><strong>remissionem</strong></span> <span class='ocrx_word' id='word_1_198' title='bbox 474 2835 617 2898; x_wconf 81' lang='lat' dir='ltr'><strong>petentes,</strong></span> <span class='ocrx_word' id='word_1_199' title='bbox 647 2824 729 2880; x_wconf 84' lang='lat' dir='ltr'><strong>tertia</strong></span> <span class='ocrx_word' id='word_1_200' title='bbox 749 2822 910 2878; x_wconf 84' lang='lat' dir='ltr'><strong>mercedum</strong></span> <span class='ocrx_word' id='word_1_201' title='bbox 929 2836 1011 2895; x_wconf 85' lang='lat' dir='ltr'><strong>parte</strong></span> <span class='ocrx_word' id='word_1_202' title='bbox 1033 2825 1181 2880; x_wconf 84' lang='lat' dir='ltr'><strong>relevavit:</strong></span> 
     </span>
     <span class='ocr_line' id='line_1_26' title="bbox 125 2887 1182 2966; baseline 0 -21"><span class='ocrx_word' id='word_1_203' title='bbox 125 2908 157 2945; x_wconf 81' lang='lat' dir='ltr'><strong>ec</strong></span> <span class='ocrx_word' id='word_1_204' title='bbox 180 2907 215 2946; x_wconf 82' lang='lat' dir='ltr'><strong>nc</strong></span> <span class='ocrx_word' id='word_1_205' title='bbox 238 2894 265 2946; x_wconf 89' lang='lat' dir='ltr'><strong>in</strong></span> <span class='ocrx_word' id='word_1_206' title='bbox 290 2892 425 2946; x_wconf 82' lang='lat' dir='ltr'><strong>locatione</strong></span> <span class='ocrx_word' id='word_1_207' title='bbox 443 2909 581 2946; x_wconf 73' lang='lat' dir='ltr'><strong>uovorum</strong></span> <span class='ocrx_word' id='word_1_208' title='bbox 599 2887 772 2966; x_wconf 76' lang='lat' dir='ltr'><strong>vectigalium</strong></span> <span class='ocrx_word' id='word_1_209' title='bbox 789 2889 994 2945; x_wconf 78' lang='lat' dir='ltr'><strong>immoderatius</strong></span> <span class='ocrx_word' id='word_1_210' title='bbox 1015 2892 1182 2965; x_wconf 68' lang='lat' dir='ltr'><strong>horrentur,</strong></span> 
     </span>
     <span class='ocr_line' id='line_1_27' title="bbox 125 2956 1182 3030; baseline -0.001 -18"><span class='ocrx_word' id='word_1_211' title='bbox 125 2958 269 3030; x_wconf 74' lang='lat' dir='ltr'><strong>propalam</strong></span> <span class='ocrx_word' id='word_1_212' title='bbox 286 2957 421 3014; x_wconf 69' lang='lat' dir='ltr'><strong>monuit«</strong></span> <span class='ocrx_word' id='word_1_213' title='bbox 444 2965 477 3003; x_wconf 68' lang='lat'><strong>-&#39;</strong></span> <span class='ocrx_word' id='word_1_214' title='bbox 518 2959 626 3011; x_wconf 75' lang='lat' dir='ltr'><strong>Publica</strong></span> <span class='ocrx_word' id='word_1_215' title='bbox 643 2958 659 3011; x_wconf 90' lang='lat' dir='ltr'><strong>i.</strong></span> <span class='ocrx_word' id='word_1_216' title='bbox 678 2975 701 3013; x_wconf 87' lang='lat' dir='ltr'><strong>e.</strong></span> <span class='ocrx_word' id='word_1_217' title='bbox 718 2956 875 3028; x_wconf 42' lang='lat' dir='ltr'><strong>vectigali&amp;</strong></span> <span class='ocrx_word' id='word_1_218' title='bbox 899 2972 972 3028; x_wconf 86' lang='lat' dir='ltr'><strong>quae</strong></span> <span class='ocrx_word' id='word_1_219' title='bbox 989 2974 1004 3012; x_wconf 86' lang='lat' dir='ltr'><strong>a</strong></span> <span class='ocrx_word' id='word_1_220' title='bbox 1020 2957 1182 3012; x_wconf 69' lang='lat' dir='ltr'><strong>censoribus</strong></span> 
     </span>
     <span class='ocr_line' id='line_1_28' title="bbox 126 3021 1182 3097; baseline 0 -20"><span class='ocrx_word' id='word_1_221' title='bbox 126 3023 280 3097; x_wconf 73' lang='lat' dir='ltr'><strong>publicanis</strong></span> <span class='ocrx_word' id='word_1_222' title='bbox 302 3023 470 3078; x_wconf 85' lang='lat' dir='ltr'><strong>licitantibus</strong></span> <span class='ocrx_word' id='word_1_223' title='bbox 487 3024 661 3085; x_wconf 77' lang='lat' dir='ltr'><strong>locabantur.</strong></span> <span class='ocrx_word' id='word_1_224' title='bbox 680 3057 714 3070; x_wconf 86' lang='lat'><em>-</em></span> <span class='ocrx_word' id='word_1_225' title='bbox 756 3025 844 3093; x_wconf 78' lang='lat' dir='ltr'><strong>perire</strong></span> <span class='ocrx_word' id='word_1_226' title='bbox 867 3021 948 3076; x_wconf 87' lang='lat' dir='ltr'><strong>nimia</strong></span> <span class='ocrx_word' id='word_1_227' title='bbox 968 3023 1182 3096; x_wconf 76' lang='lat' dir='ltr'><strong>publicanorum</strong></span> 
     </span>
     <span class='ocr_line' id='line_1_29' title="bbox 124 3086 1182 3151; baseline -0.001 -8"><span class='ocrx_word' id='word_1_228' title='bbox 124 3089 246 3144; x_wconf 82' lang='lat' dir='ltr'><strong>avaritia.</strong></span> <span class='ocrx_word' id='word_1_229' title='bbox 260 3120 291 3134; x_wconf 88' lang='lat'>-</span> <span class='ocrx_word' id='word_1_230' title='bbox 325 3088 354 3139; x_wconf 74' lang='lat' dir='ltr'><strong>id</strong></span> <span class='ocrx_word' id='word_1_231' title='bbox 367 3101 421 3151; x_wconf 79' lang='lat' dir='ltr'><strong>est,</strong></span> <span class='ocrx_word' id='word_1_232' title='bbox 439 3102 510 3144; x_wconf 81' lang='lat' dir='ltr'><strong>tuae.</strong></span> <span class='ocrx_word' id='word_1_233' title='bbox 544 3090 633 3145; x_wconf 89' lang='lat' dir='ltr'><strong>Orell.</strong></span> <span class='ocrx_word' id='word_1_234' title='bbox 654 3088 688 3144; x_wconf 84' lang='lat' dir='ltr'><strong>ad</strong></span> <span class='ocrx_word' id='word_1_235' title='bbox 705 3090 732 3143; x_wconf 90' lang='lat' dir='ltr'><strong>b.</strong></span> <span class='ocrx_word' id='word_1_236' title='bbox 746 3088 766 3141; x_wconf 91' lang='lat' dir='ltr'><strong>l.</strong></span> <span class='ocrx_word' id='word_1_237' title='bbox 789 3086 871 3141; x_wconf 71' lang='lat' dir='ltr'><strong>dicits</strong></span> <span class='ocrx_word' id='word_1_238' title='bbox 888 3108 903 3139; x_wconf 82' lang='lat' dir='ltr'><strong>s</strong></span> <span class='ocrx_word' id='word_1_239' title='bbox 914 3088 1099 3144; x_wconf 85' lang='lat' dir='ltr'><strong>Urbanissima</strong></span> <span class='ocrx_word' id='word_1_240' title='bbox 1112 3090 1182 3142; x_wconf 83' lang='lat' dir='ltr'><strong>hacc</strong></span> 
     </span>
    </p>
   </div>
   <div class='ocr_carea' id='block_1_9' title="bbox 9 3151 1183 3221">
    <p class='ocr_par' dir='ltr' id='par_1_9' title="bbox 9 3151 1183 3221">
     <span class='ocr_line' id='line_1_30' title="bbox 9 3151 1183 3221; baseline 0 -13"><span class='ocrx_word' id='word_1_241' title='bbox 9 3187 11 3190; x_wconf 87' lang='lat'>·</span> <span class='ocrx_word' id='word_1_242' title='bbox 126 3153 224 3208; x_wconf 87' lang='lat' dir='ltr'><strong>vocab.</strong></span> <span class='ocrx_word' id='word_1_243' title='bbox 241 3151 301 3206; x_wconf 88' lang='lat' dir='ltr'><strong>dele</strong></span> <span class='ocrx_word' id='word_1_244' title='bbox 318 3152 341 3205; x_wconf 86' lang='lat' dir='ltr'><strong>it</strong></span> <span class='ocrx_word' id='word_1_245' title='bbox 355 3153 474 3221; x_wconf 76' lang='lat' dir='ltr'><strong>Subita,</strong></span> <span class='ocrx_word' id='word_1_246' title='bbox 493 3156 567 3211; x_wconf 89' lang='lat' dir='ltr'><strong>uncis</strong></span> <span class='ocrx_word' id='word_1_247' title='bbox 581 3155 680 3212; x_wconf 87' lang='lat' dir='ltr'><strong>inclus.</strong></span> <span class='ocrx_word' id='word_1_248' title='bbox 695 3154 842 3219; x_wconf 79' lang='lat' dir='ltr'><strong>Matthiae,</strong></span> <span class='ocrx_word' id='word_1_249' title='bbox 860 3156 939 3211; x_wconf 91' lang='lat' dir='ltr'><strong>Beut.</strong></span> <span class='ocrx_word' id='word_1_250' title='bbox 957 3156 1043 3209; x_wconf 84' lang='lat' dir='ltr'><strong>Recte</strong></span> <span class='ocrx_word' id='word_1_251' title='bbox 1061 3153 1183 3208; x_wconf 83' lang='lat' dir='ltr'><strong>defendit</strong></span> 
     </span>
    </p>
   </div>
   <div class='ocr_carea' id='block_1_10' title="bbox 125 3171 1181 3294">
    <p class='ocr_par' dir='ltr' id='par_1_10' title="bbox 125 3171 1181 3294">
     <span class='ocr_line' id='line_1_31' title="bbox 125 3171 1181 3294; baseline -0.003 -18"><span class='ocrx_word' id='word_1_252' title='bbox 125 3222 231 3276; x_wconf 71' lang='lat' dir='ltr'><strong>cenem</strong></span> <span class='ocrx_word' id='word_1_253' title='bbox 247 3171 396 3274; x_wconf 72' lang='lat' dir='ltr'><strong>leudesius</strong></span> <span class='ocrx_word' id='word_1_254' title='bbox 422 3220 464 3275; x_wconf 82' lang='lat' dir='ltr'><strong>ef.</strong></span> <span class='ocrx_word' id='word_1_255' title='bbox 477 3236 549 3290; x_wconf 84' lang='lat' dir='ltr'><strong>quse</strong></span> <span class='ocrx_word' id='word_1_256' title='bbox 562 3220 597 3275; x_wconf 90' lang='lat' dir='ltr'><strong>ds</strong></span> <span class='ocrx_word' id='word_1_257' title='bbox 614 3222 641 3277; x_wconf 87' lang='lat' dir='ltr'><strong>ll.</strong></span> <span class='ocrx_word' id='word_1_258' title='bbox 657 3240 700 3276; x_wconf 86' lang='lat' dir='ltr'><strong>vv.</strong></span> <span class='ocrx_word' id='word_1_259' title='bbox 712 3220 766 3274; x_wconf 88' lang='lat' dir='ltr'><strong>dixi</strong></span> <span class='ocrx_word' id='word_1_260' title='bbox 782 3219 816 3272; x_wconf 82' lang='lat' dir='ltr'><strong>nd</strong></span> <span class='ocrx_word' id='word_1_261' title='bbox 833 3221 929 3294; x_wconf 78' lang='lat' dir='ltr'><strong>Q.Gic.</strong></span> <span class='ocrx_word' id='word_1_262' title='bbox 946 3220 980 3274; x_wconf 90' lang='lat' dir='ltr'><strong>dc</strong></span> <span class='ocrx_word' id='word_1_263' title='bbox 992 3222 1052 3276; x_wconf 90' lang='lat' dir='ltr'><strong>Pet.</strong></span> <span class='ocrx_word' id='word_1_264' title='bbox 1067 3219 1181 3273; x_wconf 88' lang='lat' dir='ltr'><strong>Consul.</strong></span> 
     </span>
    </p>
   </div>
   <div class='ocr_carea' id='block_1_11' title="bbox 125 3283 1289 3364">
    <p class='ocr_par' dir='ltr' id='par_1_11' title="bbox 125 3283 1289 3364">
     <span class='ocr_line' id='line_1_32' title="bbox 125 3283 1289 3364; baseline -0.004 -24"><span class='ocrx_word' id='word_1_265' title='bbox 125 3294 150 3358; x_wconf 66' lang='grc' dir='ltr'><strong>ς.</strong></span> <span class='ocrx_word' id='word_1_266' title='bbox 169 3286 202 3340; x_wconf 81' lang='grc'><strong>55</strong></span> <span class='ocrx_word' id='word_1_267' title='bbox 220 3302 248 3356; x_wconf 86' lang='lat' dir='ltr'><strong>p.</strong></span> <span class='ocrx_word' id='word_1_268' title='bbox 264 3301 305 3352; x_wconf 73' lang='lat'><strong>71.</strong></span> <span class='ocrx_word' id='word_1_269' title='bbox 322 3313 353 3323; x_wconf 95' lang='lat'><em>-</em></span> <span class='ocrx_word' id='word_1_270' title='bbox 381 3302 473 3352; x_wconf 82' lang='lat' dir='ltr'><strong>perse</strong></span> <span class='ocrx_word' id='word_1_271' title='bbox 487 3287 591 3364; x_wconf 63' lang='lat' dir='ltr'><strong>rprr&#39;p’ta</strong></span> <span class='ocrx_word' id='word_1_272' title='bbox 619 3305 674 3342; x_wconf 85' lang='lat' dir='ltr'><strong>uer.</strong></span> <span class='ocrx_word' id='word_1_273' title='bbox 692 3287 709 3342; x_wconf 90' lang='lat' dir='ltr'><strong>i.</strong></span> <span class='ocrx_word' id='word_1_274' title='bbox 724 3302 747 3342; x_wconf 86' lang='lat' dir='ltr'><strong>e.</strong></span> <span class='ocrx_word' id='word_1_275' title='bbox 766 3304 853 3359; x_wconf 89' lang='lat' dir='ltr'><strong>quum</strong></span> <span class='ocrx_word' id='word_1_276' title='bbox 867 3286 949 3341; x_wconf 82' lang='lat' dir='ltr'><strong>liberi</strong></span> <span class='ocrx_word' id='word_1_277' title='bbox 964 3297 992 3341; x_wconf 87' lang='lat' dir='ltr'><strong>et</strong></span> <span class='ocrx_word' id='word_1_278' title='bbox 1005 3284 1061 3339; x_wconf 89' lang='lat' dir='ltr'><strong>suis</strong></span> <span class='ocrx_word' id='word_1_279' title='bbox 1075 3283 1182 3357; x_wconf 84' lang='lat' dir='ltr'><strong>legibus</strong></span> <span class='ocrx_word' id='word_1_280' title='bbox 1285 3328 1289 3335; x_wconf 89' lang='lat'><em>.</em></span> 
     </span>
    </p>
   </div>
   <div class='ocr_carea' id='block_1_12' title="bbox 9 3286 1233 4215">
    <p class='ocr_par' dir='ltr' id='par_1_12' title="bbox 9 3286 1233 3556">
     <span class='ocr_line' id='line_1_33' title="bbox 9 3286 1233 3422; baseline -0.002 -16"><span class='ocrx_word' id='word_1_281' title='bbox 9 3357 11 3362; x_wconf 77' lang='grc'>’</span> <span class='ocrx_word' id='word_1_282' title='bbox 124 3361 234 3407; x_wconf 85' lang='lat' dir='ltr'><strong>utentes</strong></span> <span class='ocrx_word' id='word_1_283' title='bbox 253 3343 372 3403; x_wconf 88' lang='lat' dir='ltr'><strong>nondum</strong></span> <span class='ocrx_word' id='word_1_284' title='bbox 387 3348 440 3401; x_wconf 87' lang='lat' dir='ltr'><strong>sub</strong></span> <span class='ocrx_word' id='word_1_285' title='bbox 457 3349 573 3419; x_wconf 77' lang='lat' dir='ltr'><strong>imperio</strong></span> <span class='ocrx_word' id='word_1_286' title='bbox 589 3286 669 3406; x_wconf 55' lang='lat' dir='ltr'><strong>biom.</strong></span> <span class='ocrx_word' id='word_1_287' title='bbox 686 3362 790 3421; x_wconf 87' lang='lat' dir='ltr'><strong>essent,</strong></span> <span class='ocrx_word' id='word_1_288' title='bbox 807 3351 834 3405; x_wconf 93' lang='lat' dir='ltr'><strong>bi</strong></span> <span class='ocrx_word' id='word_1_289' title='bbox 848 3353 942 3407; x_wconf 71' lang='lat' dir='ltr'><strong>Asiani</strong></span> <span class='ocrx_word' id='word_1_290' title='bbox 955 3362 1116 3408; x_wconf 87' lang='lat' dir='ltr'><strong>nostrorum</strong></span> <span class='ocrx_word' id='word_1_291' title='bbox 1133 3368 1183 3422; x_wconf 89' lang='lat' dir='ltr'><strong>pu·</strong></span> <span class='ocrx_word' id='word_1_292' title='bbox 1230 3373 1233 3376; x_wconf 58' lang='grc'>’</span> 
     </span>
     <span class='ocr_line' id='line_1_34' title="bbox 124 3413 1182 3490; baseline -0.001 -19"><span class='ocrx_word' id='word_1_293' title='bbox 124 3418 300 3473; x_wconf 86' lang='lat' dir='ltr'><strong>blicanorum</strong></span> <span class='ocrx_word' id='word_1_294' title='bbox 322 3413 422 3469; x_wconf 88' lang='lat' dir='ltr'><strong>similes</strong></span> <span class='ocrx_word' id='word_1_295' title='bbox 445 3431 477 3467; x_wconf 87' lang='lat' dir='ltr'><strong>ex</strong></span> <span class='ocrx_word' id='word_1_296' title='bbox 497 3432 546 3468; x_wconf 89' lang='lat' dir='ltr'><strong>sua</strong></span> <span class='ocrx_word' id='word_1_297' title='bbox 566 3427 646 3487; x_wconf 86' lang='lat' dir='ltr'><strong>gente</strong></span> <span class='ocrx_word' id='word_1_298' title='bbox 669 3418 802 3471; x_wconf 80' lang='lat' dir='ltr'><strong>habuere.</strong></span> <span class='ocrx_word' id='word_1_299' title='bbox 823 3449 856 3460; x_wconf 94' lang='lat'>-</span> <span class='ocrx_word' id='word_1_300' title='bbox 888 3422 943 3471; x_wconf 76' lang='lat' dir='ltr'><strong>crire</strong></span> <span class='ocrx_word' id='word_1_301' title='bbox 960 3418 1102 3490; x_wconf 79' lang='lat' dir='ltr'><strong>publicano</strong></span> <span class='ocrx_word' id='word_1_302' title='bbox 1121 3415 1139 3474; x_wconf 86' lang='lat' dir='ltr'><strong>i.</strong></span> <span class='ocrx_word' id='word_1_303' title='bbox 1158 3433 1182 3474; x_wconf 89' lang='lat' dir='ltr'><strong>e.</strong></span> 
     </span>
     <span class='ocr_line' id='line_1_35' title="bbox 125 3479 1182 3556; baseline -0.001 -17"><span class='ocrx_word' id='word_1_304' title='bbox 125 3483 183 3539; x_wconf 87' lang='lat' dir='ltr'><strong>sine</strong></span> <span class='ocrx_word' id='word_1_305' title='bbox 212 3482 409 3538; x_wconf 83' lang='lat' dir='ltr'><strong>ublicsnorum</strong></span> <span class='ocrx_word' id='word_1_306' title='bbox 424 3479 534 3535; x_wconf 86' lang='lat' dir='ltr'><strong>auxilio.</strong></span> <span class='ocrx_word' id='word_1_307' title='bbox 547 3514 581 3526; x_wconf 90' lang='grc'><strong>-</strong></span> <span class='ocrx_word' id='word_1_308' title='bbox 608 3482 805 3555; x_wconf 56' lang='lat' dir='ltr'><strong>acquisitionis</strong></span> <span class='ocrx_word' id='word_1_309' title='bbox 818 3483 919 3555; x_wconf 78' lang='lat' dir='ltr'><strong>capita,</strong></span> <span class='ocrx_word' id='word_1_310' title='bbox 935 3502 992 3556; x_wconf 89' lang='lat' dir='ltr'><strong>quo</strong></span> <span class='ocrx_word' id='word_1_311' title='bbox 1006 3480 1112 3536; x_wconf 89' lang='lat' dir='ltr'><strong>facilius</strong></span> <span class='ocrx_word' id='word_1_312' title='bbox 1124 3482 1182 3538; x_wconf 84' lang='lat' dir='ltr'><strong>sine</strong></span> 
     </span>
    </p>

    <p class='ocr_par' dir='ltr' id='par_1_13' title="bbox 147 3500 1182 3620">
     <span class='ocr_line' id='line_1_36' title="bbox 147 3500 1182 3620; baseline 0.002 -17"><span class='ocrx_word' id='word_1_313' title='bbox 147 3500 274 3603; x_wconf 66' lang='lat' dir='ltr'><strong>oblidano</strong></span> <span class='ocrx_word' id='word_1_314' title='bbox 289 3545 356 3620; x_wconf 80' lang='lat' dir='ltr'><strong>exigi</strong></span> <span class='ocrx_word' id='word_1_315' title='bbox 391 3563 452 3601; x_wconf 83' lang='lat' dir='ltr'><strong>csse</strong></span> <span class='ocrx_word' id='word_1_316' title='bbox 468 3544 621 3606; x_wconf 85' lang='lat' dir='ltr'><strong>videbatur.</strong></span> <span class='ocrx_word' id='word_1_317' title='bbox 634 3580 668 3593; x_wconf 89' lang='lat'><em>-</em></span> <span class='ocrx_word' id='word_1_318' title='bbox 700 3549 776 3600; x_wconf 79' lang='lat' dir='ltr'><strong>Sulla</strong></span> <span class='ocrx_word' id='word_1_319' title='bbox 789 3548 978 3618; x_wconf 72' lang='lat' dir='ltr'><strong>descripserat,</strong></span> <span class='ocrx_word' id='word_1_320' title='bbox 994 3547 1073 3601; x_wconf 87' lang='lat' dir='ltr'><strong>distri</strong></span> <span class='ocrx_word' id='word_1_321' title='bbox 1095 3559 1182 3605; x_wconf 78' lang='lat' dir='ltr'><strong>uerat.</strong></span> 
     </span>
    </p>

    <p class='ocr_par' dir='ltr' id='par_1_14' title="bbox 126 3564 1183 4215">
     <span class='ocr_line' id='line_1_37' title="bbox 155 3564 1183 3732; baseline 0.002 -65"><span class='ocrx_word' id='word_1_322' title='bbox 155 3615 229 3688; x_wconf 81' lang='lat' dir='ltr'><strong>iginii</strong></span> <span class='ocrx_word' id='word_1_323' title='bbox 245 3613 330 3666; x_wconf 87' lang='lat' dir='ltr'><strong>millia</strong></span> <span class='ocrx_word' id='word_1_324' title='bbox 348 3564 515 3666; x_wconf 73' lang='lat' dir='ltr'><strong>taienrorum</strong></span> <span class='ocrx_word' id='word_1_325' title='bbox 532 3612 647 3668; x_wconf 83' lang='lat' dir='ltr'><strong>Graecis</strong></span> <span class='ocrx_word' id='word_1_326' title='bbox 662 3612 801 3681; x_wconf 76' lang='lat' dir='ltr'><strong>Asiaticis,</strong></span> <span class='ocrx_word' id='word_1_327' title='bbox 814 3626 970 3732; x_wconf 81' lang='lat' dir='ltr'><strong>propterea</strong></span> <span class='ocrx_word' id='word_1_328' title='bbox 985 3611 1061 3686; x_wconf 84' lang='lat' dir='ltr'><strong>quod</strong></span> <span class='ocrx_word' id='word_1_329' title='bbox 1107 3613 1183 3672; x_wconf 76' lang='lat' dir='ltr'><strong>iibri·</strong></span> 
     </span>
     <span class='ocr_line' id='line_1_38' title="bbox 127 3677 1182 3751; baseline 0.001 -18"><span class='ocrx_word' id='word_1_330' title='bbox 127 3679 215 3735; x_wconf 80' lang='lat' dir='ltr'><strong>dalem</strong></span> <span class='ocrx_word' id='word_1_331' title='bbox 232 3677 333 3733; x_wconf 81' lang='lat' dir='ltr'><strong>auxilio</strong></span> <span class='ocrx_word' id='word_1_332' title='bbox 349 3678 492 3746; x_wconf 84' lang='lat' dir='ltr'><strong>iuverant,</strong></span> <span class='ocrx_word' id='word_1_333' title='bbox 510 3679 617 3734; x_wconf 79' lang='lat' dir='ltr'><strong>Sullam</strong></span> <span class='ocrx_word' id='word_1_334' title='bbox 632 3679 797 3751; x_wconf 84' lang='lat' dir='ltr'><strong>imperasse,</strong></span> <span class='ocrx_word' id='word_1_335' title='bbox 813 3680 876 3735; x_wconf 78' lang='lat' dir='ltr'><strong>ulos</strong></span> <span class='ocrx_word' id='word_1_336' title='bbox 888 3681 961 3734; x_wconf 40' lang='lat' dir='ltr'><strong>*banc</strong></span> <span class='ocrx_word' id='word_1_337' title='bbox 974 3677 1117 3751; x_wconf 88' lang='lat' dir='ltr'><strong>pecuniam</strong></span> <span class='ocrx_word' id='word_1_338' title='bbox 1133 3680 1182 3734; x_wconf 89' lang='lat' dir='ltr'><strong>im·</strong></span> 
     </span>
     <span class='ocr_line' id='line_1_39' title="bbox 127 3744 1182 3817; baseline 0.001 -17"><span class='ocrx_word' id='word_1_339' title='bbox 127 3746 210 3800; x_wconf 88' lang='lat' dir='ltr'><strong>mensi</strong></span> <span class='ocrx_word' id='word_1_340' title='bbox 224 3747 341 3799; x_wconf 82' lang='lat' dir='ltr'><strong>foenore</strong></span> <span class='ocrx_word' id='word_1_341' title='bbox 354 3754 493 3799; x_wconf 87' lang='lat' dir='ltr'><strong>mutuatos</strong></span> <span class='ocrx_word' id='word_1_342' title='bbox 508 3762 568 3800; x_wconf 87' lang='lat' dir='ltr'><strong>esse</strong></span> <span class='ocrx_word' id='word_1_343' title='bbox 583 3762 598 3798; x_wconf 91' lang='lat' dir='ltr'><strong>a</strong></span> <span class='ocrx_word' id='word_1_344' title='bbox 613 3746 669 3800; x_wconf 87' lang='lat' dir='ltr'><strong>suis</strong></span> <span class='ocrx_word' id='word_1_345' title='bbox 682 3744 854 3817; x_wconf 87' lang='lat' dir='ltr'><strong>publicanis,</strong></span> <span class='ocrx_word' id='word_1_346' title='bbox 872 3748 920 3816; x_wconf 87' lang='lat' dir='ltr'><strong>qui</strong></span> <span class='ocrx_word' id='word_1_347' title='bbox 933 3746 986 3800; x_wconf 90' lang='lat' dir='ltr'><strong>boc</strong></span> <span class='ocrx_word' id='word_1_348' title='bbox 1001 3746 1114 3816; x_wconf 70' lang='lat' dir='ltr'><strong>uectigal</strong></span> <span class='ocrx_word' id='word_1_349' title='bbox 1128 3746 1182 3800; x_wconf 79' lang='lat' dir='ltr'><strong>csi-</strong></span> 
     </span>
     <span class='ocr_line' id='line_1_40' title="bbox 127 3810 1181 3884; baseline 0.002 -20"><span class='ocrx_word' id='word_1_350' title='bbox 127 3821 236 3884; x_wconf 85' lang='lat' dir='ltr'><strong>gerent,</strong></span> <span class='ocrx_word' id='word_1_351' title='bbox 254 3811 393 3868; x_wconf 87' lang='lat' dir='ltr'><strong>Plutarch.</strong></span> <span class='ocrx_word' id='word_1_352' title='bbox 410 3822 506 3866; x_wconf 87' lang='lat' dir='ltr'><strong>narrat</strong></span> <span class='ocrx_word' id='word_1_353' title='bbox 522 3810 550 3866; x_wconf 88' lang='lat' dir='ltr'><strong>in</strong></span> <span class='ocrx_word' id='word_1_354' title='bbox 562 3811 671 3868; x_wconf 84' lang='lat' dir='ltr'><strong>Lucull.</strong></span> <span class='ocrx_word' id='word_1_355' title='bbox 687 3828 710 3867; x_wconf 91' lang='lat' dir='ltr'><strong>c.</strong></span> <span class='ocrx_word' id='word_1_356' title='bbox 725 3828 765 3865; x_wconf 82' lang='lat' dir='ltr'><strong>uo.</strong></span> <span class='ocrx_word' id='word_1_357' title='bbox 783 3844 815 3854; x_wconf 92' lang='grc'>-</span> <span class='ocrx_word' id='word_1_358' title='bbox 848 3812 959 3874; x_wconf 71' lang='lat' dir='ltr'><strong>Caenei,</strong></span> <span class='ocrx_word' id='word_1_359' title='bbox 974 3811 1079 3865; x_wconf 83' lang='lat' dir='ltr'><strong>incolae</strong></span> <span class='ocrx_word' id='word_1_360' title='bbox 1093 3812 1181 3866; x_wconf 83' lang='lat' dir='ltr'><strong>Cauni</strong></span> 
     </span>
     <span class='ocr_line' id='line_1_41' title="bbox 129 3876 1182 3949; baseline -0.004 -18"><span class='ocrx_word' id='word_1_361' title='bbox 129 3876 223 3949; x_wconf 88' lang='lat' dir='ltr'><strong>oppidi</strong></span> <span class='ocrx_word' id='word_1_362' title='bbox 241 3877 364 3931; x_wconf 84' lang='lat' dir='ltr'><strong>maritimi</strong></span> <span class='ocrx_word' id='word_1_363' title='bbox 379 3877 407 3930; x_wconf 91' lang='lat' dir='ltr'><strong>in</strong></span> <span class='ocrx_word' id='word_1_364' title='bbox 423 3878 513 3935; x_wconf 86' lang='lat' dir='ltr'><strong>Caria.</strong></span> <span class='ocrx_word' id='word_1_365' title='bbox 543 3898 567 3937; x_wconf 84' lang='lat' dir='ltr'><strong>v.</strong></span> <span class='ocrx_word' id='word_1_366' title='bbox 584 3878 653 3932; x_wconf 79' lang='lat' dir='ltr'><strong>Pliu,</strong></span> <span class='ocrx_word' id='word_1_367' title='bbox 667 3876 695 3932; x_wconf 90' lang='lat' dir='ltr'><strong>b.</strong></span> <span class='ocrx_word' id='word_1_368' title='bbox 710 3895 737 3931; x_wconf 89' lang='lat' dir='ltr'><strong>n.</strong></span> <span class='ocrx_word' id='word_1_369' title='bbox 751 3877 782 3946; x_wconf 82' lang='lat'><strong>5,</strong></span> <span class='ocrx_word' id='word_1_370' title='bbox 797 3877 838 3934; x_wconf 69' lang='lat'><strong>28.</strong></span> <span class='ocrx_word' id='word_1_371' title='bbox 851 3907 882 3919; x_wconf 90' lang='lat'>-</span> <span class='ocrx_word' id='word_1_372' title='bbox 914 3879 1020 3931; x_wconf 76' lang='lat' dir='ltr'><strong>Rhodiis</strong></span> <span class='ocrx_word' id='word_1_373' title='bbox 1034 3879 1182 3930; x_wconf 80' lang='lat' dir='ltr'><strong>attributae</strong></span> 
     </span>
     <span class='ocr_line' id='line_1_42' title="bbox 129 3942 1180 4017; baseline 0.004 -24"><span class='ocrx_word' id='word_1_374' title='bbox 129 3968 161 3993; x_wconf 88' lang='lat'><strong><em>=</em></strong></span> <span class='ocrx_word' id='word_1_375' title='bbox 176 3960 238 3995; x_wconf 87' lang='lat' dir='ltr'><strong>curn</strong></span> <span class='ocrx_word' id='word_1_376' title='bbox 251 3943 420 3997; x_wconf 84' lang='lat' dir='ltr'><strong>Rhodiorum</strong></span> <span class='ocrx_word' id='word_1_377' title='bbox 435 3943 543 3998; x_wconf 81' lang='lat' dir='ltr'><strong>civitate</strong></span> <span class='ocrx_word' id='word_1_378' title='bbox 555 3943 593 3998; x_wconf 82' lang='lat' dir='ltr'><strong>ita</strong></span> <span class='ocrx_word' id='word_1_379' title='bbox 605 3944 727 4012; x_wconf 87' lang='lat' dir='ltr'><strong>iunctae,</strong></span> <span class='ocrx_word' id='word_1_380' title='bbox 740 3954 771 3996; x_wconf 88' lang='lat' dir='ltr'><strong>ut</strong></span> <span class='ocrx_word' id='word_1_381' title='bbox 785 3942 840 3997; x_wconf 91' lang='lat' dir='ltr'><strong>illis</strong></span> <span class='ocrx_word' id='word_1_382' title='bbox 853 3944 965 4017; x_wconf 84' lang='lat' dir='ltr'><strong>vectigal</strong></span> <span class='ocrx_word' id='word_1_383' title='bbox 976 3944 1138 4016; x_wconf 85' lang='lat' dir='ltr'><strong>penderent.</strong></span> <span class='ocrx_word' id='word_1_384' title='bbox 1148 3972 1180 3983; x_wconf 89' lang='lat'>-</span> 
     </span>
     <span class='ocr_line' id='line_1_43' title="bbox 129 4006 1181 4083; baseline -0.004 -21"><span class='ocrx_word' id='word_1_385' title='bbox 129 4009 215 4071; x_wconf 66' lang='lat' dir='ltr'><strong>nolit,</strong></span> <span class='ocrx_word' id='word_1_386' title='bbox 236 4009 336 4064; x_wconf 86' lang='lat' dir='ltr'><strong>uostris&#39;</strong></span> <span class='ocrx_word' id='word_1_387' title='bbox 371 4010 512 4066; x_wconf 85' lang='lat' dir='ltr'><strong>ublicsuis.</strong></span> <span class='ocrx_word' id='word_1_388' title='bbox 528 4042 560 4052; x_wconf 92' lang='lat'><em>-</em></span> <span class='ocrx_word' id='word_1_389' title='bbox 593 4013 640 4083; x_wconf 79' lang='lat' dir='ltr'><strong>qui</strong></span> <span class='ocrx_word' id='word_1_390' title='bbox 656 4028 756 4080; x_wconf 77' lang='lat' dir='ltr'><strong>semper</strong></span> <span class='ocrx_word' id='word_1_391' title='bbox 775 4011 916 4079; x_wconf 75' lang='lat' dir='ltr'><strong>vectigales</strong></span> <span class='ocrx_word' id='word_1_392' title='bbox 923 4010 1042 4081; x_wconf 80' lang='lat' dir='ltr'><strong>fuerunt</strong></span> <span class='ocrx_word' id='word_1_393' title='bbox 1059 4034 1092 4059; x_wconf 91' lang='lat'><strong>.-=</strong></span> <span class='ocrx_word' id='word_1_394' title='bbox 1114 4006 1181 4079; x_wconf 77' lang='lat' dir='ltr'><strong>qui,</strong></span> 
     </span>
     <span class='ocr_line' id='line_1_44' title="bbox 128 4072 1179 4150; baseline -0.005 -21"><span class='ocrx_word' id='word_1_395' title='bbox 128 4075 207 4129; x_wconf 88' lang='lat' dir='ltr'><strong>etiam</strong></span> <span class='ocrx_word' id='word_1_396' title='bbox 239 4075 361 4145; x_wconf 80' lang='lat' dir='ltr'><strong>quumlr</strong></span> <span class='ocrx_word' id='word_1_397' title='bbox 384 4077 424 4129; x_wconf 87' lang='lat' dir='ltr'><strong>eri</strong></span> <span class='ocrx_word' id='word_1_398' title='bbox 444 4079 551 4140; x_wconf 77' lang='lat' dir='ltr'><strong>essent,</strong></span> <span class='ocrx_word' id='word_1_399' title='bbox 573 4075 688 4150; x_wconf 79' lang='lat' dir='ltr'><strong>vectigal</strong></span> <span class='ocrx_word' id='word_1_400' title='bbox 704 4075 871 4149; x_wconf 84' lang='lat' dir='ltr'><strong>pendebant.</strong></span> <span class='ocrx_word' id='word_1_401' title='bbox 886 4106 918 4117; x_wconf 90' lang='lat'>—</span> <span class='ocrx_word' id='word_1_402' title='bbox 964 4094 1012 4146; x_wconf 87' lang='lat' dir='ltr'><strong>per</strong></span> <span class='ocrx_word' id='word_1_403' title='bbox 1029 4095 1056 4127; x_wconf 78' lang='lat' dir='ltr'><strong>re</strong></span> <span class='ocrx_word' id='word_1_404' title='bbox 1072 4097 1105 4123; x_wconf 91' lang='lat'>=</span> <span class='ocrx_word' id='word_1_405' title='bbox 1120 4072 1179 4125; x_wconf 87' lang='lat' dir='ltr'><strong>sins</strong></span> 
     </span>
     <span class='ocr_line' id='line_1_45' title="bbox 126 4141 1177 4215; baseline -0.003 -20"><span class='ocrx_word' id='word_1_406' title='bbox 126 4142 338 4213; x_wconf 76' lang='lat' dir='ltr'><strong>publicanorum</strong></span> <span class='ocrx_word' id='word_1_407' title='bbox 349 4141 459 4200; x_wconf 57' lang='lat' dir='ltr'><strong>curilis}</strong></span> <span class='ocrx_word' id='word_1_408' title='bbox 468 4171 500 4187; x_wconf 89' lang='lat'><em>-</em></span> <span class='ocrx_word' id='word_1_409' title='bbox 513 4165 515 4172; x_wconf 86' lang='grc'><em>·</em></span> <span class='ocrx_word' id='word_1_410' title='bbox 527 4143 729 4212; x_wconf 74' lang='lat' dir='ltr'><strong>postulaverunt</strong></span> <span class='ocrx_word' id='word_1_411' title='bbox 737 4149 853 4198; x_wconf 54' lang='lat' dir='ltr'><strong>*nostros</strong></span> <span class='ocrx_word' id='word_1_412' title='bbox 867 4141 1029 4215; x_wconf 85' lang='lat' dir='ltr'><strong>publicanus</strong></span> <span class='ocrx_word' id='word_1_413' title='bbox 1043 4156 1059 4193; x_wconf 86' lang='lat' dir='ltr'><strong>a</strong></span> <span class='ocrx_word' id='word_1_414' title='bbox 1072 4147 1177 4193; x_wconf 82' lang='lat' dir='ltr'><strong>senatu.</strong></span> 
     </span>
    </p>
   </div>
   <div class='ocr_carea' id='block_1_13' title="bbox 0 0 1510 5067">
    <p class='ocr_par' dir='ltr' id='par_1_15' title="bbox 0 0 1510 5067">
     <span class='ocr_line' id='line_1_46' title="bbox 0 0 1510 5067; baseline 0 0"><span class='ocrx_word' id='word_1_415' title='bbox 0 0 1510 5067; x_wconf 95' lang='lat' dir='ltr'><strong> </strong></span> 
     </span>
    </p>
   </div>
  </div>
 </body>
</html>
