3009 5067
537 313 599 374 ιιιι.
619 312 639 373 ι.
682 312 732 374 nr.
754 312 772 371 ι.
959 385 964 390 .
1139 306 1182 378 ar

125 517 223 585 quam
242 516 306 564 nos
327 498 365 563 in
384 494 601 581 deducendo,
622 494 766 582 putre,
786 500 823 560 ut
842 496 972 563 lacdtiir
989 495 1183 583 provinciae

124 602 327 674 desiderium
347 606 499 670 nostrum
518 600 676 666 leniatur.
724 601 858 667 Etenim
878 601 910 665 si
929 602 965 667 in
985 621 1182 688 promeren-

123 714 186 802 do,
208 718 245 804 ut
266 711 324 779 tibi
343 707 429 775 tanti
449 708 596 772 honores
616 705 839 791 haberentur,
867 708 981 793 quanti
1001 707 1089 775 baud
1105 710 1182 776 scio

124 841 170 890 an
190 818 335 901 nemini,
357 814 451 879 inisti
471 812 613 879 omniurn
634 811 933 900 diligentissimus:
953 813 1055 879 multo
1076 816 1182 882 maio·
1209 815 1212 828 ²

125 947 198 994 rem
209 927 244 991 in
259 923 312 988 his
326 919 507 986 honoribus
519 917 653 985 tuendis
670 919 832 988 adbibere
846 920 1054 1009 diligentiam
1069 921 1182 989 debes.

126 1028 291 1117 Equidem
306 1025 348 1093 de
362 1027 428 1092 isto
444 1042 574 1112 genere
592 1025 752 1093 bonorum
767 1027 845 1114 quid
861 1028 1041 1117 sentirem,
1063 1028 1185 1112 scripsi
1225 1017 1281 1084 3¹·

127 1136 172 1204 ad
200 1144 236 1201 te
262 1138 351 1201 ante.
401 1130 545 1217 Semper
565 1149 625 1198 eos
651 1134 788 1221 putavi,
816 1136 845 1200 si
866 1133 1031 1221 vulgares
1051 1138 1186 1220 essent,

82 1324 85 1329 .
128 1242 236 1309 viles:
256 1240 286 1304 si
302 1238 461 1325 temporis
476 1255 580 1314 musa
597 1239 898 1319 constituerentur,
916 1238 1033 1310 levas:
1055 1239 1184 1306 sivero

127 1345 223 1412 -id
244 1344 329 1431 quod
349 1346 398 1411 ita
416 1343 540 1410 iactum
562 1347 678 1410 est-
697 1345 825 1415 meritis
852 1345 919 1415 tuis
944 1345 1186 1431 tribuerentur,

27 1518 30 1528 ,
125 1451 357 1518 existimabam
382 1449 518 1536 multam
544 1448 603 1515 tibi
623 1449 657 1514 in
677 1453 721 1522 iia
742 1452 925 1519 bonoribus
946 1450 1079 1530 tuendis
1099 1469 1184 1538 ope·

124 1577 197 1626 ram
217 1576 297 1624 esse
317 1555 518 1644 ponendam.
570 1555 682 1638 Quare
709 1560 864 1647 quoniam
890 1560 925 1624 in
953 1558 1028 1630 istis
1049 1557 1185 1636 urbibus

92 1650 93 1653 ¹
126 1682 202 1730 cum
229 1680 356 1727 summo
384 1660 524 1747 imperio
552 1664 587 1727 et
613 1668 784 1747 potestate
809 1664 976 1753 versaris,
1004 1663 1185 1749 inquibus

126 1774 204 1835 tuos
224 1769 367 1834 virtutes
388 1765 608 1838 consecratas
636 1775 671 1837 et
698 1773 731 1838 in
760 1771 897 1844 deorum
916 1788 1053 1846 numero
1076 1770 1185 1837 collo·

74 1885 78 1890 ’
126 1878 223 1943 catas
243 1874 365 1945 videar
387 1876 421 1940 in
443 1874 594 1946 omnibus
612 1878 731 1964 rebus,
754 1897 838 1965 quas
853 1883 1002 1964 statues,
1022 1896 1106 1963 quas
1120 1876 1184 1943 de·
1217 1885 1221 1893 '

126 1999 265 2069 cernes,
295 1999 378 2068 quas
407 1999 518 2066 ages,
550 1980 627 2067 quid
647 1983 753 2052 tantis
772 1983 935 2061 homiuum
955 1981 1185 2067 opinionibus,

31 2153 38 2168 .
126 2089 230 2153 tantis
251 2086 294 2153 de
315 2092 350 2152 te
370 2085 525 2172 iudiciis,
551 2087 657 2153 tantis
674 2088 859 2153 bonoribus
881 2086 1025 2168 debeas,
1047 2086 1184 2174 cogita-

127 2191 193 2257 bis.
235 2191 276 2255 ld
296 2197 408 2258 autem
428 2192 493 2256 erit
514 2193 694 2279 eiusmodi,
721 2198 758 2257 ut
779 2193 935 2272 consulas
958 2191 1128 2279 omnibus,
1149 2196 1186 2264 ut

127 2293 285 2361 medeare
305 2290 520 2360 incommodis
540 2293 729 2377 bominum,
748 2293 933 2380 provideas
953 2293 1073 2381 saluti,
1093 2300 1131 2360 ut
1150 2299 1186 2363 te

127 2402 301 2488 parentem
320 2398 425 2465 Asiae
447 2403 482 2465 et
503 2398 567 2466 dici
588 2403 623 2468 et
643 2397 758 2466 baberi
778 2397 878 2466 velis.
938 2389 946 2398 ⁴

128 2601 238 2654 Fae'rno
254 2610 282 2654 et
297 2601 460 2673 Malaspina.
479 2632 510 2647 -
544 2604 690 2658 dedocendo
708 2629 740 2654 =
758 2602 785 2656 in
804 2600 947 2670 enitendo,
965 2614 996 2658 ut
1013 2620 1028 2656 c
1046 2604 1186 2675 provincia

127 2665 243 2720 Romam
281 2683 357 2720 ossea
375 2667 491 2736 reverti,
514 2679 546 2723 ut
560 2669 610 2722 tibi
628 2668 831 2725 succederetur.
846 2699 879 2714 -
912 2667 1018 2724 lcetr'cid
1034 2672 1186 2738 prouinciae

127 2732 163 2785 dc
179 2688 325 2805 praecdara
343 2743 390 2787 tua
406 2732 647 2792 administratione.
664 2767 696 2779 -
730 2747 761 2787 cc
775 2736 824 2787 tili
838 2747 906 2791 rant.
918 2736 1010 2789 donor.
1027 2737 1084 2790 lab.
1119 2736 1186 2792 Prae

128 2798 256 2853 rinoialcs
276 2798 332 2853 suis
349 2800 520 2867 rectoribus,
544 2800 568 2856 si
583 2801 618 2854 ali
640 2808 704 2855 unm
722 2798 805 2854 modo
820 2800 950 2870 justitiam
974 2812 1001 2855 et
1021 2801 1186 2855 benevolen-

130 2863 273 2935 tiarnipsis
309 2875 478 2934 ruretenent,
495 2883 616 2920 summos
648 2884 748 2922 osores
764 2866 917 2936 habebant,
933 2867 1186 2937 praeseminaria,

95 2984 98 2988 ,
128 2932 265 2987 serviliter
283 2882 442 3000 llrlandicns,
470 2949 547 3001 aras,
572 2934 674 3007 templa
695 2931 811 3003 diesque
829 2927 914 2987 festos
931 2936 971 2987 eis
989 2932 1185 2997 consecrabat3

128 2998 214 3052 veluti
231 2996 266 3069 Q.
282 2998 376 3053 Mucio
394 2999 545 3060 Scaevolae
562 3015 682 3054 aunuum
704 3005 804 3052 testum
821 2999 932 3061 Mucia,
953 3000 1073 3053 Lucullo
1093 3000 1186 3051 bocal-

130 3062 189 3115 lcr'a.
222 3069 261 3122 lte
305 3064 378 3117 uinto
395 3084 420 3119 v.
435 3082 466 3122 su
490 3082 520 3122 ra
535 3072 559 3133 ς.
573 3066 605 3118 ab
622 3077 649 3120 et
665 3081 727 3122 mox
742 3071 824 3134 μ.
861 3064 1092 3136 Ct.Lips.Elcct.
1110 3069 1184 3131 ¹2¹4·

131 3135 160 3179 ct
177 3127 321 3207 blcngaot
339 3147 388 3185 sur
410 3130 451 3211 les
470 3083 613 3188 bonorare
632 3079 841 3191 divinsreudqus
859 3147 911 3184 aux
931 3146 1121 3200 gouverucurs
1137 3127 1186 3183 det

151 3208 276 3247 rovruccs
300 3211 346 3253 rut
381 3196 529 3254 Mnmoircs
551 3198 585 3249 de
604 3196 707 3252 l'Acad.
729 3198 777 3252 des
799 3196 886 3252 belles
906 3196 1004 3250 lettres
1026 3196 1090 3253 Vol.
1112 3213 1136 3251 ι.
1152 3224 1186 3235 -

84 3279 86 3282 ·
129 3209 202 3310 {aad
215 3260 270 3311 acio
288 3276 323 3310 an
337 3277 394 3316 nem
420 3278 456 3315 sc.
472 3261 557 3316 babiti
575 3263 637 3319 sint.
672 3283 699 3318 v.
711 3264 822 3336 Zumpt.
838 3271 865 3334 ς.
880 3262 929 3330 354
946 3272 974 3316 ct
988 3278 1046 3332 par.

194 3348 275 3417 531,
308 3350 336 3399 in
352 3350 384 3400 r'c‘s
398 3350 490 3403 donor.
506 3351 617 3405 tuendis.
649 3354 735 3427 Vulg.
753 3355 781 3405 in
795 3355 835 3405 bis
849 3355 940 3406 honor.
959 3350 1080 3412 tuenda,
1102 3365 1185 3431 quatu

185 3415 235 3468 bat
248 3413 397 3485 Wopkens
416 3414 492 3472 lectt.
514 3415 587 3474 Tull.
608 3433 636 3485 p.
651 3418 708 3489 359.
749 3419 863 3473 Scbiits.
881 3436 943 3473 curn
964 3416 1023 3473 aliis
1048 3414 1138 3471 ornitrt
1158 3434 1183 3472 r.

128 3432 269 3535 moribus
276 3518 288 3543 ‚
312 3490 343 3533 ut
358 3480 539 3549 inculcatum,
562 3490 590 3535 et
604 3482 630 3535 h.
642 3482 660 3535 l.
678 3491 706 3537 et
720 3484 806 3555 paulo
820 3494 883 3538 ante
905 3491 928 3565 ᾗ
942 3482 993 3550 do,
1009 3483 1057 3537 uhi
1069 3483 1185 3553 legiturt

129 3551 158 3599 in
178 3549 218 3600 lu'r
230 3547 374 3599 honorabor
388 3547 502 3626 tuendis.
518 3579 549 3589 -
591 3549 711 3631 tuendis,
737 3548 947 3629 consecrandis,
965 3559 1003 3630 'ut
1018 3549 1056 3603 eis
1072 3547 1184 3626 dignum

129 3612 1185 3759 r.cere-..ennoaroanna..occorrono

131 3747 255 3814 temporit
270 3761 371 3804 causa,
395 3762 412 3799 ι
428 3760 452 3799 c.
469 3761 503 3797 eo
521 3754 663 3817 tempore,
678 3762 736 3816 quo
754 3747 817 3819 quis
832 3761 991 3818 provinciae
1005 3759 1131 3818 praeeat,
1147 3764 1185 3801 nr-

130 3811 184 3862 ruia
197 3809 377 3865 assentatione
394 3809 486 3865 babiti.
520 3812 663 3883 Gfisupra
679 3821 706 3881 ς.
725 3814 810 3870 15...
843 3813 911 3865 laces
925 3836 957 3863 =
973 3814 1052 3884 porri
1067 3830 1184 3871 momen·

131 3874 169 3940 ti,
185 3873 257 3928 baud
273 3874 363 3954 magni
380 3874 544 3933 aestimaudi
561 3910 594 3922 -
634 3896 735 3931 summo
754 3880 862 3947 iocpcrr'o
885 3876 972 3945 civili,
988 3897 1042 3932 uon
1058 3878 1184 3940 militari,

132 3938 209 4011 quod
223 3940 289 4017 alias
305 3958 387 4014 saepe
402 3942 613 4015 proconsulibus
631 3954 658 3997 et
670 3943 917 4015 propraetoribus,
940 3944 988 4026 qui
1002 3964 1064 4007 cum*
1076 3944 1185 4014 imperio

132 4004 379 4075 traducebantur,
402 4008 578 4079 competebat
584 4029 594 4078 3
619 4010 739 4087 Quintus
757 4020 848 4065 autent
866 4021 1014 4066 exercrtum
1031 4028 1086 4064 non
1103 4008 1184 4061 babe-

131 4073 179 4124 btt
186 4089 196 4139 3
214 4090 238 4125 r.
254 4088 338 4142 supra
356 4080 381 4140 §.
394 4076 409 4140 4
423 4090 466 4146 sq.
480 4107 514 4120 -
547 4087 609 4128 teas
622 4078 715 4131 or'rtct.
730 4077 845 4131 coruccr.
879 4076 968 4132 lntcll
981 4076 1112 4142 iustitiae,
1126 4071 1183 4143 pie·

133 4137 198 4208 tati,
219 4138 378 4196 clementiae
394 4149 447 4198 etc.
461 4137 538 4213 apud
555 4141 679 4199 Graecos
699 4143 803 4216 templa
820 4142 904 4200 initae
920 4145 1075 4200 consutum.
1088 4170 1122 4208 ·.·
1154 4138 1187 4210 ld
