3009 5067
331 295 415 370 viil
616 336 636 346 --
676 303 1028 388 ranurnpro.

257 577 262 582 ,
329 475 408 587 tine
427 511 600 587 vertimus
616 493 974 607 explanavmusque,
996 531 1067 608 qno
1087 529 1211 586 eunmr
1225 517 1391 589 necessi-

230 625 237 638 “
331 633 466 710 tatibus
484 638 584 708 esset
602 630 828 725 consultum,
851 634 910 728 qui
933 634 1078 729 graecis
1094 632 1209 709 literis
1233 633 1392 712 nondum

331 761 422 832 satis
439 759 632 834 exercitati
651 752 909 830 adlectionem
926 752 1050 830 harum
1067 756 1300 855 epistolarum
1321 781 1392 834 ve·

169 897 173 904 ·
286 927 292 934 .
329 884 443 954 niunt.
489 873 718 978 Argumenta
744 875 916 951 Sctotztt
935 873 1159 971 addidimus,
1184 886 1226 994 ut
1248 880 1392 979 singula

203 1087 208 1096 ,
330 1006 505 1102 cuiusque
526 1002 704 1103 epistolae
733 1000 874 1097 capita,
909 1020 1003 1096 quae
1033 995 1206 1099 deinceps
1231 1009 1417 1079 tractan-'

330 1134 412 1221 tur,
437 1125 543 1203 brevi
562 1125 599 1196 iu
624 1126 825 1219 conspeetu
848 1123 970 1219 posita
989 1122 1130 1196 intento
1152 1127 1254 1217 qnasi
1276 1123 1391 1223 digito

331 1251 633 1340 monstrarentur,
653 1246 864 1345 pariterque
882 1240 994 1317 fronti
1010 1245 1114 1318 unius
1135 1248 1307 1339 cuiusque
1326 1270 1393 1319 an-

330 1392 413 1443 num
427 1390 462 1440 u.
479 1387 512 1441 e.
531 1368 585 1459 (a.
602 1360 732 1459 cm),
758 1387 829 1464 quo
846 1369 984 1464 soripta
1001 1372 1082 1458 est,
1107 1388 1180 1440 uua
1200 1385 1281 1440 oum
1300 1387 1390 1439 eon·
1481 1439 1482 1486 p

185 1528 188 1534 ·
330 1487 448 1564 sulum
472 1490 551 1566 eius
575 1491 659 1563 anni
681 1485 882 1562 nominibus
902 1487 1177 1589 adscripsimus,
1204 1510 1275 1586 quo
1297 1485 1391 1562 faoi-

331 1613 403 1688 lior
423 1608 472 1686 ad
490 1610 698 1687 historioam
716 1599 1055 1709 interpretationem
1074 1618 1174 1688 esset
1192 1599 1323 1686 aditus.

416 1732 546 1808 Finem
562 1731 661 1809 ¹huie
691 1732 910 1833 praefationi
937 1731 1077 1809 fauere·
1096 1756 1169 1808 non
1199 1755 1391 1833 possumus

83 1839 86 1848 ¹
177 1941 184 1966 Ι
332 1858 418 1954 quin
434 1854 673 1932 vehementer
692 1863 876 1956 optemus,
898 1863 938 1930 ut
954 1859 1061 1953 aequi
1077 1856 1234 1955 bonique
1249 1856 1393 1933 indices

332 2001 468 2080 operae
490 1978 589 2054 haud
613 2000 703 2055 sane
734 2001 898 2079 parvae,
931 2003 1036 2078 quam
1067 1982 1105 2053 in
1133 1978 1294 2055 curanda
1322 1978 1393 2055 hae

332 2100 494 2178 editione
520 2101 800 2195 collocavimus,
825 2097 1085 2202 ponderandae
1106 2099 1393 2179 examinandae·

332 2245 405 2323 que
429 2247 502 2298 non
518 2223 675 2298 aurificis
693 2228 886 2320 stateram,
905 2223 974 2302 sed
992 2216 1170 2324 quandam
1186 2229 1308 2325 potius
1323 2217 1393 2323 po-

330 2346 493 2447 pularem
516 2350 686 2422 trutinam
707 2345 925 2434 adhibeant,
951 2352 1062 2440 utque
1086 2343 1293 2418 sedularum
1313 2367 1393 2418 mo·

321 2467 523 2545 ‘deratores
547 2491 616 2540 usu
641 2468 750 2563 periti
774 2466 992 2539 auctoritate
1016 2487 1084 2538 sua
1106 2485 1174 2536 nos
1197 2486 1275 2538 eam
1295 2465 1393 2539 via'm

330 2590 493 2663 tenuisse
519 2585 754 2677 confirment,
780 2609 851 2683 qua
874 2586 1072 2688 iuventutis
1101 2582 1222 2660 studia
1251 2588 1393 2685 possint

275 2729 279 2736 “
332 2710 403 2783 rite
427 2710 633 2805 promoveri
653 2729 820 2804 vereque
843 2709 969 2781 iuvari.

407 2826 624 2907 Scribebam
648 2825 838 2924 Morburgi
862 2852 906 2901 m.
931 2827 1137 2903 Novembri

602 2974 635 3024 a.
660 2945 969 3031 Mocccxnll.
997 2934 1000 2950 ι
