3009 5067
328 246 354 312 8
465 250 501 309 Μ.
522 250 552 309 Τ.
575 247 758 310 CICERONIS
780 245 932 314 bristou.
954 247 1003 307 Al)
1023 249 1055 319 Q.
1077 247 1242 318 FRATREM

326 430 374 496 sit
391 431 427 498 in
448 446 577 522 quoque
596 428 702 515 fides,
723 432 850 501 tuntum
870 428 988 514 cuique
1008 429 1223 500 committere.
1271 429 1389 517 Atque

326 537 414 604 inter
434 535 515 622 bos,
537 554 616 624 eos,
639 555 722 628 quos
741 536 802 602 tibi
824 534 960 603 comites
982 540 1016 603 et
1037 535 1205 602 adiutores
1225 537 1388 623 negotio·
1481 585 1482 588 ,

326 664 399 709 rum
418 642 621 735 publicorum
642 639 735 709 dedit
755 641 831 729 ipsa
851 658 908 706 res
929 640 1078 727 publica,
1108 640 1280 713 dumtaxat
1305 641 1388 713 rini-

328 748 390 818 bus
410 749 452 813 iis
473 747 681 837 praestabis,
704 766 786 834 quos
807 751 886 812 ante
906 748 1122 833 praescripsi.

172 847 232 919 IV.
253 846 306 916 12.
409 852 500 946 Quos
520 874 603 932 vero
624 859 683 927 aut
703 871 747 920 ex
769 851 961 928 domesticis
982 855 1246 930 convictionibus
1266 860 1326 923 aut
1340 876 1388 924 ex

324 960 530 1034 necessariis
546 957 807 1046 apparitionibus
826 963 935 1026 tecum
949 979 1029 1030 esse
1043 961 1198 1049 voluisti,
1221 962 1275 1049 qui
1289 962 1400 1048 quasi

326 1084 371 1131 ex
392 1065 528 1140 cohorte
549 1066 713 1154 praetoris
735 1063 896 1153 appellari
918 1063 1048 1155 solent,
1070 1064 1184 1139 borum
1204 1086 1270 1137 nou
1287 1065 1386 1141 modo
1481 1087 1482 1156 j

324 1169 436 1258 iacta,
468 1168 531 1244 sed
559 1169 658 1245 etiam
686 1169 776 1246 dicta
803 1171 912 1243 omnia
937 1168 1144 1258 praestanda
1169 1171 1267 1242 nobis
1292 1175 1386 1242 sunt.
1481 1181 1482 1208 ³

315 1273 397 1350 ⁴§led
418 1275 525 1345 babes
546 1293 605 1340 eos
625 1279 757 1364 tecum,
786 1296 870 1363 quos
890 1278 1005 1372 possis
1025 1280 1120 1346 recte
1140 1276 1306 1374 iacientes
1327 1278 1388 1343 ia-

324 1379 389 1448 cile
411 1378 577 1465 diligere:
605 1380 712 1458 minus
734 1383 949 1449 consulentes
972 1384 1207 1458 existimationi
1227 1388 1305 1472 tuae
1325 1383 1385 1453 fa.-
1481 1461 1482 1464 Ἴ

324 1484 446 1554 cillimc
468 1488 645 1564 codrceret
677 1487 857 1578 aquibus,
878 1489 971 1557 rudis
993 1509 1089 1578 quum
1111 1508 1227 1579 esses,
1249 1488 1386 1562 videtur
1481 1475 1482 1494 ³

322 1592 475 1690 potuisse
495 1595 553 1664 tua
572 1591 760 1671 liberalitas
782 1595 911 1694 decipi:
939 1616 1016 1682 narn
1036 1602 1073 1673 ut
1094 1598 1234 1688 quisque
1255 1601 1309 1663 est
1329 1596 1384 1667 vir
1481 1627 1482 1684 r

322 1698 483 1785 optimus,
504 1698 552 1774 ita
574 1698 767 1775 difficillime
787 1720 866 1767 esse
887 1702 972 1775 allos
989 1702 1155 1790 improbos
1173 1703 1386 1795 suspicatur:
1481 1687 1482 1698 ¹

322 1823 413 1875 nunc
440 1824 521 1871 vero
549 1807 668 1884 tertius
696 1806 750 1871 bic
770 1825 878 1873 annus
900 1808 1023 1890 babeat
1036 1809 1275 1903 'integritatem
1297 1825 1385 1874 ean·
1481 1805 1482 1892 s

325 1911 419 1999 dem,
439 1930 537 1999 quam
557 1912 772 2000 superiores,
795 1914 977 2010 cautiorem
998 1915 1099 1982 etiam
1114 1933 1161 1982 ,ac
1183 1914 1385 2006 diligentia·

226 2017 280 2093 iil,
321 2037 402 2086 rem.
445 2017 524 2086 Sint
545 2038 646 2086 aures
667 2021 766 2106 tuae,
788 2037 874 2104 quae
896 2020 949 2109 id,
972 2020 1061 2108 quod.
1081 2021 1238 2108 audiunt,
1261 2020 1384 2096 existi-

324 2130 455 2203 mentur
476 2124 611 2214 audire,
642 2145 708 2191 non
734 2125 770 2191 in
791 2143 873 2212 quas
895 2124 973 2191 ficte
994 2130 1030 2191 et
1050 2126 1204 2196 simulate
1225 2115 1385 2212 quaestus

325 2251 430 2299 causa
457 2235 695 2302 insusurretur.
755 2217 811 2305 Sit
839 2230 958 2301 anulus
979 2235 1057 2298 tuus
1079 2252 1146 2299 non
1174 2236 1211 2298 ut
1232 2251 1295 2297 vas
1317 2229 1384 2296 ali-

325 2338 430 2429 quod,
452 2338 515 2414 sed
536 2342 702 2426 tamquam
723 2339 798 2424 ipse
818 2342 878 2403 tur
909 2356 975 2404 non
994 2338 1145 2411 minister
1162 2337 1303 2426 ‚alienae
1320 2353 1384 2406 vo·

323 2500 426 2562 cincre.
440 2530 472 2541 ·-
505 2508 638 2558 occurere,
653 2495 770 2568 proprie
789 2507 881 2567 togam
898 2496 1012 2551 alicuius
1027 2492 1190 2554 excutiendo
1213 2492 1384 2560 examinare,

323 2582 395 2618 anne
411 2565 497 2617 telum
513 2561 637 2614 abditum
652 2563 694 2615 sit.
713 2581 735 2617 v.
752 2563 869 2616 Pbaedr.
885 2565 916 2631 5,
930 2566 960 2628 5,
977 2580 1006 2632 ¹9
1015 2580 1024 2629 3
1039 2560 1101 2612 binc
1115 2557 1237 2628 tropice:
1254 2568 1384 2615 accurate

323 2639 352 2683 et
369 2628 513 2700 diligenter
527 2626 679 2696 inquirere,
696 2628 823 2686 scrutari.
839 2663 872 2673 -
909 2630 1014 2683 comites
1031 2638 1057 2676 ct
1071 2626 1216 2685 adiutores,
1232 2622 1338 2696 legatos
1355 2635 1383 2679 et

364 2704 495 2748 uectores.
509 2724 542 2735 -
566 2693 667 2760 ficibus,
683 2698 714 2745 iis
735 2695 833 2768 (Vulg.
845 2697 897 2763 fin.
910 2697 950 2746 lert
968 2730 979 2754 ,
995 2691 1122 2744 nimirum
1135 2698 1272 2760 potestate
1289 2691 1338 2744 abs
1356 2700 1384 2744 te

320 2761 329 2814 i
346 2761 375 2822 ⁴is
390 2756 532 2831 permissa,
543 2761 704 2841 praestabis,
725 2760 759 2820 de
777 2761 890 2820 illorum
907 2777 924 2813 o
956 2759 998 2810 cio
1018 2766 1046 2812 et
1059 2757 1200 2810 honestate
1214 2755 1339 2826 cavebis,
1354 2756 1384 2815 iu

321 2842 373 2884 suo
391 2822 481 2878 officio
498 2824 637 2882 retinebis.

388 2890 440 2945 IV.
459 2886 481 2955 i.
501 2906 538 2943 rs.
571 2908 602 2942 eu
623 2891 690 2947 dom.
707 2892 926 2953 correctionibus,
951 2886 1131 2946 familiaribus
1148 2898 1176 2943 et
1188 2888 1304 2959 amicis,
1326 2885 1384 2961 qui,

321 2957 377 3015 bus
393 2952 552 3027 quotidiano
570 2954 597 3018 iu
614 2957 743 3018 convictu
761 2960 900 3012 utebatur.
935 2954 971 3007 V.
989 2952 1023 3008 ad
1039 2954 1103 3006 fam.
1120 2954 1224 3022 16,nr.
1262 2953 1383 3023 {burfa-

322 3022 471 3081 mr'liurihur
496 3034 521 3073 et
539 3024 699 3093 quotidianis
715 3023 906 3076 convictoribus
928 3061 977 3075 ...
1002 3020 1146 3079 dominibus
1168 3021 1332 3080 doctissimis.
1350 3053 1381 3063 ·-

323 3104 355 3148 cs
369 3105 423 3143 aec.
436 3091 551 3157 apparit.
567 3085 583 3143 i.
597 3106 621 3144 s.
638 3089 784 3154 ministris,
798 3086 895 3164 quales
912 3095 976 3140 suut
989 3085 1111 3153 scribac,
1125 3086 1252 3154 lictores,
1268 3087 1382 3153 accensi,

344 3169 476 3207 ruccones
492 3164 543 3207 cet.
557 3183 593 3198 -⁴
624 3158 703 3235 quusi
716 3173 747 3206 er
762 3156 818 3205 coir.
829 3153 981 3220 praetoris,
1006 3149 1081 3205 addit
1097 3154 1189 3228 quusi,
1213 3154 1279 3224 quia
1297 3155 1381 3207 inco·

322 3171 398 3275 iores
408 3222 550 3298 praetoria
568 3220 716 3276 nobiliores
731 3217 869 3284 homiues,
887 3217 963 3275 reiut
979 3216 1094 3274 comites·
1106 3220 1277 3286 consulares,
1299 3237 1335 3290 ap
1356 3236 1382 3271 a·

322 3286 540 3347 nitoresautem
563 3285 701 3346 inferioris
718 3282 822 3336 ordinis
845 3294 933 3337 eraut.
954 3315 987 3326 -
1020 3284 1126 3347 borum,
1146 3286 1214 3357 quip
1271 3237 1380 3339 euciis
1481 3337 1482 3342 ,

323 3351 389 3432 ipsis
403 3349 624 3412 delectorum..-
641 3351 716 3408 rudis
746 3366 889 3400 cumesses
905 3367 942 3403 sc.
954 3350 1112 3421 provinciae
1127 3357 1198 3422 (quo
1233 3352 1380 3414 rsEruust.

227 3470 230 3475 .
324 3415 454 3481 excidisse
489 3415 615 3485 tutabat),
639 3432 698 3490 quu
746 3431 845 3469 recens
867 3415 894 3468 in
916 3432 976 3470 carn
999 3417 1127 3472 venisses.
1146 3448 1179 3458 -
1218 3416 1380 3478 liberalitas,

324 3482 453 3546 comitas,
469 3437 594 3537 Facilitas,
610 3514 640 3523 —
666 3484 811 3543 acutiorem
825 3494 859 3537 cc.
873 3501 906 3537 cc
920 3483 1118 3539 dr'lz'ventrbrcm.
1131 3482 1228 3538 Lamb.
1238 3483 1381 3538 cautionem

324 3545 413 3604 aciem
429 3550 640 3617 dilrgrennbremp
664 3559 693 3602 at
714 3565 781 3601 vero
797 3548 860 3602 lect.
879 3549 950 3620 vulg,
964 3521 1123 3601 defenditur
1142 3563 1193 3615 eo,
1218 3542 1292 3619 quod
1311 3545 1380 3604 iufra

325 3618 349 3683 §.
359 3629 388 3685 17
406 3613 499 3675 itidem
512 3613 614 3685 iungit:
632 3627 727 3675 cautus
744 3632 777 3673 uc
792 3615 841 3665 dili
859 3632 913 3675 cns,
930 3623 959 3666 et
973 3615 988 3678 q
1004 3612 1049 3668 18:
1062 3627 1207 3680 percautus
1222 3624 1247 3663 ct
1261 3611 1378 3680 diligens.

390 3675 472 3745 §.ab
507 3683 688 3738 curbtrbscntur
707 3681 808 3738 audire.
874 3689 938 3732 onet
959 3679 1000 3730 bis
1018 3676 1197 3738 subobscuris
1218 3676 1310 3731 verbis
1329 3678 1382 3737 fra·

324 3753 416 3812 trem,
446 3760 481 3806 ne
505 3748 753 3822 quemquamficta
774 3744 953 3803 assimulata
976 3743 1153 3803 insusurrare
1171 3741 1312 3822 patiatur,
1335 3742 1382 3803 sed

325 3825 420 3873 omues
436 3811 525 3883 palam
539 3822 622 3891 atque
639 3823 735 3886 aperte
751 3811 829 3894 loqui
845 3810 954 3877 iubeat,
976 3818 1007 3862 ut
1022 3809 1098 3880 quod
1116 3806 1235 3886 audivit,
1251 3807 1279 3861 id
1295 3810 1381 3865 existi.

325 3886 418 3939 inetur
440 3874 555 3933 audisse.
577 3910 610 3922 -
653 3891 685 3937 ut
702 3897 766 3941 uas,
789 3900 807 3937 t·
827 3892 850 3930 e.
873 3877 1103 3942 instrumentum,
1127 3875 1259 3943 utensile,
1283 3885 1380 3939 σκεῦος.

325 3942 445 4006 Sensus:
470 3945 583 4009 anulus,
605 3961 662 4015 quo
676 3943 765 4005 edicta
778 3944 929 4012 literaeque
942 3942 963 3994 si
983 3958 1045 4011 uas,
1059 3958 1114 3994 nou
1126 3950 1245 4008 temere,
1265 3952 1297 3998 ut
1311 3942 1382 4000 aliud

325 4009 546 4078 instrumentum,
559 4008 706 4063 cuiuslibet
720 4007 784 4061 fidei
797 4004 894 4061 credas
907 4017 951 4061 tra
971 4024 1066 4080 aeque,
1082 4023 1170 4077 quum
1185 4023 1218 4061 eo
1233 4007 1310 4061 abuti
1324 4024 1380 4079 pus,

326 4074 406 4138 tib-
429 4087 564 4156 tamquam
577 4078 630 4150 ipsc
644 4086 687 4140 tu,
703 4072 782 4136 nteit
796 4070 977 4138 recurrimus
990 4084 1053 4134 ture
1066 4072 1214 4132 voluntatis
1229 4072 1380 4150 siguum-
