3009 5067
325 310 391 383 iffi
472 316 507 376 Μ.
522 314 554 374 Τ.
576 309 758 376 CICERONIS
779 308 930 373 aristot.
951 310 1000 370 Ab
1021 310 1053 381 Ο.
1074 305 1242 372 FRATREM

325 497 538 565 constituerit
556 495 691 560 mittere
707 492 891 579 liberasque
912 491 1048 558 anobis
1063 492 1252 582 acceperit,
1273 492 1387 579 aliqua

323 621 362 669 re
382 620 473 669 nova
492 600 692 687 impediatur
712 604 748 666 et
768 595 962 665 necessario
986 597 1115 683 serius,
1138 616 1236 691 quam
1254 600 1387 664 consti·-

278 702 282 709 ’
324 713 455 794 tuerat,
476 707 608 771 mittete
629 722 737 790 neque
758 721 822 768 nos
842 701 929 768 datis
943 702 1009 767 iam
1024 703 1178 788 epistolis
1193 704 1279 771 diem
1294 725 1386 773 com-

248 824 284 894 9,
324 812 444 879 mutari
464 829 627 877 curemus.
683 808 814 877 Scribis
845 808 889 875 de
917 806 1075 875 Caesaris
1107 829 1236 876 summo
1260 812 1295 879 iu
1320 832 1386 879 nos

326 937 451 985 amore.
491 917 591 983 Hunc
612 920 648 982 et
667 922 703 981 tu
723 913 855 981 fovebis
875 917 910 979 ei
930 933 994 980 nos
1014 916 1264 1004 quibuscunque
1285 923 1385 1004 pote-

325 1025 428 1090 rimus
442 1023 543 1089 rebus
557 1021 767 1110 augebimus.
808 1020 862 1086 De
876 1019 1052 1110 Pompeio,
1074 1027 1109 1088 et
1126 1021 1215 1089 facio
1235 1023 1385 1111 diiigen-

326 1135 378 1197 ter
404 1130 585 1196 etfaciam
612 1126 701 1215 quod
728 1144 859 1193 mones.
910 1125 1008 1211 Quod
1035 1127 1096 1193 tibi
1116 1146 1190 1194 mea
1211 1130 1386 1214 permissio
1424 1190 1436 1217 ,

324 1234 508 1302 mansionis
530 1239 609 1313 tuae
629 1237 733 1322 grata
753 1239 830 1321 est,
851 1231 886 1299 id
904 1251 996 1321 ego,
1026 1252 1154 1299 smnmo
1176 1251 1249 1300 meo
1270 1233 1387 1301 dolore

326 1354 362 1409 et
382 1340 571 1431 desiderio,
592 1346 707 1408 tamen
727 1359 771 1407 ex
791 1342 889 1427 parte
909 1339 1059 1427 gaudeo.
1108 1340 1149 1405 in
1168 1338 1387 1426 Hippodamia
1490 1400 1492 1403 .

325 1452 362 1535 ‘et
381 1446 550 1513 nonuulbs
570 1447 647 1514 ttiiis
669 1444 883 1513 arcessendis
904 1442 984 1529 quid
1006 1444 1159 1532 cogites,
1187 1463 1254 1510 non
1280 1445 1385 1513 intel-

325 1552 412 1640 ligo.
462 1552 570 1619 Nemo
597 1552 737 1617 istorum
765 1554 838 1641 est,
871 1551 949 1636 quin
977 1549 1040 1616 abs
1068 1555 1103 1616 te
1122 1570 1260 1639 munus,
1292 1551 1388 1616 fundi

327 1656 508 1723 suburbani
534 1658 664 1743 instar,
699 1659 888 1744 exspectet.
942 1654 1137 1723 Trebatium
1166 1666 1250 1723 tero
1280 1675 1388 1723 meum

327 1762 417 1850 quod
437 1763 502 1829 isto
525 1762 737 1852 admisceas,
757 1762 840 1828 nibil
862 1766 928 1828 est.
975 1764 1053 1852 Ego
1074 1762 1166 1829 illum
1186 1765 1231 1829 ad
1251 1764 1386 1831 Caesa-

328 1866 517 1955 rem'misi3
537 1868 593 1955 qui
606 1868 686 1933 mibi
698 1869 765 1933 iam
778 1868 956 1936 satisfecit.
998 1870 1038 1937 Si
1054 1871 1120 1956 ipsi
1133 1871 1260 1959 miuus,
1281 1889 1385 1955 prae-

329 1981 422 2041 stare
442 1973 525 2040 nibil
547 1973 673 2045 debeo:
704 1979 804 2061 teque
830 1975 912 2054 item
931 1975 974 2042 ab
994 1994 1036 2044 eo
1058 1974 1191 2040 vindico
1212 1979 1248 2040 et
1267 1973 1386 2039 libero.

328 2078 427 2162 Quod
447 2077 568 2145 scribis
589 2083 624 2145 te
644 2097 665 2145 a
685 2075 837 2147 Caesare
858 2081 1006 2168 quotidie
1022 2079 1100 2167 ptus
1114 2078 1230 2167 diligi,
1250 2079 1386 2145 immor·
1436 2150 1439 2151 ⁷

331 2319 490 2376 diutissimus
513 2322 627 2395 eiusque
644 2322 672 2402 iu
695 2321 766 2402 urbe
787 2332 966 2394 procurator.
998 2324 1034 2378 V.
1054 2320 1089 2373 ad
1106 2324 1164 2400 titt.
1182 2321 1215 2389 5,
1230 2339 1261 2390 ¹3
1284 2320 1318 2373 ad
1332 2318 1386 2373 dir.

330 2387 938 2527 tati?iariitatttttbi'btui..‘¹⁰
956 2387 1031 2441 ¹³⁹¹¹⁰
1050 2388 1167 2442 ⁶³¹¹¹⁰⁰'
1185 2418 1217 2429 “
1258 2403 1388 2441 ⁶¹‘'⁶''²²⁴'‘

396 2569 425 2631 s.
497 2560 586 2622 Hanc,
603 2560 729 2614 Caesaris
747 2575 888 2627 amorem3
905 2579 930 2614 v.
945 2575 1031 2631 supra
1047 2558 1068 2612 l.
1079 2575 1102 2612 a.
1121 2574 1164 2629 ep.
1181 2559 1225 2624 15,
1243 2577 1264 2610 r.
1284 2590 1318 2602 -
1341 2557 1391 2625 so·

331 2626 415 2689 sabb,
429 2577 572 2696 diiigenter
583 2625 766 2683 conservabis.
781 2657 815 2671 -
848 2628 889 2679 De
903 2626 1022 2695 Pompeio
1040 2625 1174 2690 fovendo,
1187 2622 1321 2691 colendo,
1340 2622 1390 2676 ob·

331 2691 475 2751 servando.
510 2692 578 2745 Erat
595 2691 648 2745 hoc
662 2703 790 2763 tempore
805 2708 911 2745 summa
929 2692 1002 2746 inter
1020 2691 1167 2745 Caesarem
1184 2701 1212 2743 et
1228 2692 1388 2759 Pompeium

331 2757 517 2826 necessitudo,
542 2767 638 2830 postea
655 2757 781 2823 demum,
805 2759 876 2812 iulia
892 2769 1001 2811 mortua
1022 2758 1073 2825 (cf.
1088 2757 1159 2811 inira
1174 2757 1225 2809 bac
1239 2773 1283 2828 op.
1299 2757 1321 2826 ς.
1336 2759 1389 2823 ι7.)

332 2822 471 2878 dissoluta.
489 2854 521 2866 -
562 2826 705 2878 mansionis
721 2836 783 2876 tuas
800 2824 829 2877 iu
840 2824 981 2893 Britannia
1002 2820 1076 2892 apud
1094 2825 1247 2876 Caesarem.
1262 2855 1292 2864 -
1326 2823 1390 2890 Hip·

329 2889 457 2960 paduanis.
470 2888 556 2946 Orati.
566 2889 600 2943 ad
617 2891 631 2941 b
654 2891 686 2946 l.;
703 2889 748 2944 Sic
763 2890 864 2943 dictum
877 2890 935 2943 acci
958 2891 992 2955 io,
1006 2889 1102 2959 inquit,
1118 2899 1147 2941 ut
1163 2896 1204 2939 eat
1217 2886 1289 2939 infra
1301 2903 1344 2959 ap.
1355 2903 1387 2957 9²

331 2955 477 3006 multorum
494 2955 693 3007 Philotimorum
707 2968 764 3018 est,
786 2974 839 3007 non
853 2908 1025 3025 DipbiKtrum.
1059 2955 1107 3005 Est
1127 2952 1225 3024 igitur:
1248 2953 1296 3006 uin
1318 2954 1390 3006 eiua·

331 3017 406 3073 modi
423 3019 594 3088 homiuibus,
611 3022 700 3092 qualis
714 3032 755 3075 est
768 3023 802 3074 Hi
824 3020 988 3092 podamua.'s
1029 3019 1136 3077 Ernesti
1151 3017 1242 3072 dedit:
1266 3021 1294 3070 bi
1307 3020 1389 3089 poda·

228 3122 247 3135 -
332 3088 399 3148 mab,
415 3086 493 3159 quasi
508 3103 665 3158 aequorum
680 3087 809 3142 domitori
831 3106 896 3142 usa.
929 3086 1041 3139 Sobiita.
1058 3085 1229 3163 Hippodamo.
1259 3038 1308 3140 Ctp.
1317 3087 1389 3139 infra

331 3159 356 3221 ς.
371 3167 411 3207 ar.
445 3154 573 3207 Fortasse
584 3154 701 3230 Quintus
714 3163 775 3206 erat
788 3163 918 3225 questus,
933 3153 1060 3204 Marcum
1076 3151 1127 3204 srbi
1141 3150 1243 3204 multos
1257 3151 1399 3217 hominos„

332 3218 498 3292 praesertim
514 3221 620 3290 equites
635 3221 773 3274 Romanos
788 3221 915 3285 iuvenes,
933 3217 1141 3284 commendare,
1157 3217 1205 3288 qui
1221 3235 1275 3289 per
1291 3220 1387 3272 Caesa·

332 3300 394 3337 rem
411 3283 445 3338 ad
462 3285 579 3339 bonores
593 3300 717 3357 opesque
731 3285 878 3357 pervenire
893 3283 996 3347 vellent
1005 3302 1014 3351 3
1037 3293 1085 3336 aut
1100 3285 1213 3341 Marcus
1228 3285 1322 3355 potius
1335 3285 1390 3336 fra·

332 3361 405 3404 trem
418 3361 524 3416 monet,
542 3351 593 3405 boc
606 3354 694 3432 ipsum
709 3364 740 3407 ut
755 3362 859 3406 caveat.
876 3383 910 3395 -
943 3361 1089 3418 exspectat,
1105 3349 1128 3402 ai
1142 3349 1175 3400 ad
1190 3358 1217 3402 te
1230 3350 1342 3421 venerit.
1354 3380 1388 3391 -

334 3419 386 3467 isto
401 3433 455 3488 pro
470 3418 540 3469 zaroc
553 3419 569 3471 i.
583 3433 606 3472 e.
622 3418 678 3472 rstia
692 3416 872 3490 Hippodamia
888 3426 916 3469 et
931 3417 1038 3468 ceteris.
1054 3450 1085 3461 -
1119 3415 1155 3465 od
1165 3416 1305 3467 Caesarem
1319 3417 1388 3468 masi.

334 3482 372 3534 V.
390 3480 424 3534 ad
440 3481 492 3535 div.
504 3501 536 3564 7,
551 3483 582 3550 5,
597 3490 649 3552 §.a
667 3500 709 3555 sq.
723 3517 758 3528 -
790 3487 838 3554 qui
851 3484 918 3535 mibi
930 3486 982 3532 rium
999 3483 1085 3548 antif.
1118 3480 1279 3534 Trebatium
1297 3482 1389 3533 boma·

332 3546 441 3601 ‘uissime
455 3546 622 3621 accipiendo.
658 3550 693 3603 V.
711 3565 755 3620 ep.
774 3548 808 3602 ad
822 3548 875 3602 div.
888 3567 919 3615 7,
932 3549 957 3601 8.
992 3548 1116 3614 Ernest,
1133 3547 1256 3613 Subita,
1273 3549 1389 3601 Lirem.

335 3621 432 3666 contra
447 3612 526 3668 codd.
543 3615 664 3687 edittque
683 3616 889 3668 auctoritatem:
913 3616 975 3684 quia
991 3614 1052 3662 mitt
1067 3616 1120 3663 rum
1135 3613 1237 3675 sarbfi,
1261 3612 1344 3663 itaut
1361 3612 1394 3666 b.

336 3695 380 3730 vv.
404 3675 438 3730 sd
452 3680 611 3734 Trebatium
628 3680 803 3744 referantur,
825 3679 888 3732 ideo
906 3695 922 3743 a
938 3679 1071 3732 Cicerone
1089 3679 1200 3732 Caesari
1218 3677 1389 3730 commenda·

335 3752 410 3807 tum,
425 3746 490 3825 spuis
505 3746 557 3817 ipsi
574 3746 710 3817 probatus
727 3747 820 3803 fuerit.
844 3745 937 3799 Minus
950 3742 1100 3797 commode.
1117 3777 1150 3790 -
1181 3745 1213 3795 Si
1225 3745 1333 3810 Caesar:
1340 3746 1394 3814 ipsi

334 3804 467 3864 ‘Trebatio
480 3829 566 3866 manos
579 3812 755 3880 satisfecerit,
771 3814 888 3866 fortasse
904 3809 980 3882 quod
994 3809 1019 3861 si
1033 3828 1088 3863 non
1103 3808 1166 3863 satis
1179 3809 1318 3863 familiaria
1332 3811 1391 3863 fue-

336 3876 389 3941 rit,
407 3883 455 3928 aut
470 3877 544 3947 quod
559 3877 679 3932 noudum
696 3894 758 3931 eum
776 3876 904 3932 evexerit.
938 3878 974 3931 V.
994 3875 1028 3928 sd
1045 3875 1099 3929 div.
1113 3875 1131 3927 1.
1146 3892 1168 3929 c.
1201 3876 1273 3930 Alii:
1296 3878 1326 3928 Si
1341 3878 1395 3945 ipsi

335 3939 450 3995 Caesari
467 3944 554 3994 mabar
574 3943 711 4001 satisfecit.
746 3943 893 3998 Trebatius
900 3961 909 4011 3
926 3942 1016 3996 miuus
1029 3952 1101 4019 apte.
1123 3970 1156 3984 -
1187 3954 1327 4011 praestare
1347 3953 1388 4010 (v.

336 4006 455 4079 suprab
474 4023 496 4059 1.
512 4023 527 4058 e
549 4044 555 4058 .
569 4027 591 4064 1.
608 4016 631 4077 ς.
646 4016 698 4077 ro.)
713 4011 779 4062 arabii
790 4010 882 4071 dedeo,
905 4026 992 4080 quum
1008 4007 1120 4060 fecerim
1134 4008 1213 4128 guod
1228 4007 1305 4060 amici
1320 4016 1387 4061 erat.

336 4102 369 4118 -
392 4072 425 4124 ab
443 4089 474 4124 eo
491 4089 507 4122 v
536 4072 593 4125 dico
609 4085 635 4124 et
653 4075 714 4137 tit„
741 4089 844 4129 acura
868 4073 1028 4128 Trebatium
1051 4073 1132 4126 foveo
1152 4074 1162 4128 i
1183 4084 1211 4128 ts
1231 4073 1337 4140 libero,
1359 4081 1389 4126 te

338 4154 402 4194 eum
421 4136 556 4194 smtinere
575 4137 650 4193 uolo.
670 4168 703 4180 -
