3009 5067
520 239 582 299 LlB.
604 236 646 297 tlt
678 237 730 297 ΕΡ,
751 236 797 296 lli.
1117 231 1181 297 158

318 427 354 487 ‘0
378 424 414 484 di
438 425 598 506 μαίνεται
620 420 679 481 οὐκ
702 422 747 481 ic*
771 424 930 488 aaaron·

26 558 27 611 j
126 537 179 624 qui
198 535 295 601 ludos
318 531 379 600 HS
402 553 432 598 c.
455 531 639 614 comparet.
681 523 786 592 Cuius
807 527 842 590 in
861 525 924 591 lroe
945 545 1009 599 uno
1030 527 1181 593 inconsi-
1221 502 1225 515 ⁰

125 639 310 710 derantiam
331 641 365 702 et
385 650 454 721 ego
475 632 667 718 sustinebo,
698 634 737 695 ut
754 635 891 719 potero,
923 635 959 696 et
984 636 1022 694 tu
1041 636 1078 697 nt
1098 627 1195 718 pos?

26 746 28 823 i
126 747 192 836 ais,
215 747 270 810 est
291 746 419 811 tuorum
437 757 627 806 nervorum.
667 735 829 814 Demotu
846 741 1029 823 temporum
1044 738 1186 805 venien·
1226 741 1260 808 3.

26 852 44 941 {-
126 852 170 917 tis
190 846 400 935 anni„nibil
429 846 676 933 tei‘ntelligere
698 844 871 910 volueram
891 843 1063 910 domestici
1083 843 1185 908 timo·

26 946 28 953 ¹
126 958 193 1040 ria,
206 953 287 1047 ,sed
310 952 352 1019 de
371 953 532 1018 communi
552 953 602 1017 rei
623 951 778 1038 publicae
798 955 911 1017 statu:
944 951 978 1015 in
999 969 1064 1036 quo
1085 950 1186 1034 etiam

26 1042 28 1065 ⁷
127 1052 157 1127 ai
175 1042 258 1126 nibil
272 1078 439 1149 procuro,
460 1063 572 1124 tamen
586 1058 667 1123 nihil
682 1077 801 1124 curare
815 1057 874 1141 vix
888 1074 1036 1143 possum.
1079 1056 1186 1140 Quam

126 1170 238 1233 autem
256 1156 295 1231 'te
314 1165 415 1230 velim
437 1168 570 1230 cautum
591 1183 670 1230 esse
690 1166 725 1229 in
745 1163 943 1251 scribendo,
965 1182 1010 1229 ex
1022 1163 1086 1230 hoc
1102 1182 1186 1230 con·

126 1273 237 1361 iicito,
266 1269 354 1359 quod
380 1288 448 1356 ego
476 1268 518 1335 ad
548 1273 582 1335 te
605 1288 649 1334 ne
678 1267 763 1333 haec
784 1268 915 1356 quidem
940 1268 1069 1358 scribo,
1101 1287 1187 1355 quae

128 1379 237 1467 palam
257 1379 291 1443 in
313 1376 505 1463 republica
531 1375 726 1463 turbantur,
756 1395 799 1440 ne
827 1377 1019 1464 cuiusquam
1038 1375 1187 1441 'animum

26 1476 27 1479 '
128 1503 223 1573 meae
242 1484 363 1549 literae
389 1482 600 1566 interceptae
629 1481 808 1553 offendant.
860 1480 972 1563 Quare
1001 1479 1187 1546 domestica

129 1609 210 1659 cura
229 1593 265 1657 te
284 1589 432 1655 levatum
454 1587 553 1654 volo:
575 1588 608 1650 in
630 1586 822 1673 republica
843 1586 914 1652 scio
937 1604 1034 1673 quam
1053 1586 1185 1652 sollici-

78 1778 81 1783 ·
131 1701 186 1763 tus
205 1713 285 1761 esse
305 1693 430 1760 soleas.
480 1691 589 1784 Video
617 1691 800 1759 Messalam
826 1697 974 1758 nostrum
995 1692 1185 1779 consulem,

81 1837 84 1840 >
128 1789 241 1889 siper
261 1802 488 1888 interregem,
509 1800 584 1866 sine
603 1797 741 1864 iudicioz
763 1798 793 1862 si
812 1814 874 1882 per
891 1796 1107 1886 dictatorem,
1128 1802 1186 1865 ta-

130 2030 249 2099 »Iraque
271 2038 299 2082 et
317 2027 407 2098 ipsum
426 2025 557 2080 Milonem
579 2025 626 2079 HS
651 2023 823 2106 septuaginta
845 2024 931 2090 millia,
947 2024 1019 2079 aeria
1040 2024 1120 2077 alieni
1139 2023 1185 2077 de·

127 2094 220 2157 huicce
237 2093 309 2146 inter
327 2091 451 2164 prodigia
469 2093 580 2145 humani
598 2091 677 2146 animi
699 2089 822 2146 induem«
839 2121 870 2133 -
911 2091 927 2144 ὅ
949 2092 977 2143 tt
995 2090 1111 2158 μαίνεται
1134 2091 1184 2143 otiu

127 2159 160 2215 ir*
179 2163 332 2222 α’νεκτῶςε
344 2158 386 2211 hic
402 2167 494 2210 eutem
506 2158 544 2211 sic
554 2157 660 2222 insanit,
674 2167 705 2210 ut
716 2157 785 2209 ferri
799 2157 916 2226 amplius
931 2174 987 2211 non
998 2156 1090 2228 poeait.
1109 2155 1184 2209 Finis

129 2225 277 2278 hexametri
293 2241 327 2277 ex
343 2226 454 2277 Homer.
470 2223 568 2293 Odyan.
584 2224 693 2292 9,·350,
717 2222 767 2275 uhi
786 2224 862 2293 quod
878 2224 989 2292 Ulymea
1005 2223 1027 2276 C
1046 2222 1119 2293 clopi
1135 2223 1185 2274 Po·

127 2291 257 2362 lypbemo
281 2288 361 2343 dicit:
384 2288 417 2342 ed
436 2290 463 2341 di
478 2298 577 2358 μαίνεαι
592 2292 640 2341 oda
657 2290 692 2342 ἔτ’
707 2289 836 2354 ἀνεκτῶς,
861 2290 959 2342 Cicero
976 2239 1120 2358 paniolum
1138 2286 1185 2340 im·

127 2366 261 2410 mutatum
277 2355 320 2408 bita
335 2354 368 2408 de
377 2355 481 2409 Milone
497 2354 616 2421 adhibet.
635 2360 669 2412 V.
684 2359 835 2422 μαίνεσθαι,
854 2365 884 2408 nt
901 2355 949 2408 lat.
961 2355 1087 2415 emanare,
1101 2352 1136 2405 de
1150 2368 1185 2405 eo

129 2438 243 2493 quoqne
252 2420 361 2488 dieitur,
373 2419 449 2492 quod
464 2421 574 2474 modum
588 2431 702 2492 cuperat
709 2441 718 2487 ς
729 2422 766 2473 ita
778 2421 859 2474 ctiam
870 2423 979 2472 insanas
987 2419 1022 2473 ali
1044 2416 1134 2470 nando
1143 2428 1186 2471 cat

127 2490 240 2549 arbertus,
257 2492 404 2542 emmerami.
441 2489 475 2543 V.
497 2486 593 2541 Heind.
614 2486 647 2539 ad
670 2490 737 2540 Hor.
754 2498 804 2540 eat.
821 2504 851 2553 a,
864 2504 895 2554 a,
908 2487 932 2538 5.
955 2518 988 2529 -
1023 2435 1061 2538 b
1069 2486 1097 2536 S.
1105 2502 1128 2536 c.
1152 2509 1185 2534 ·.-.·

34 2585 37 2591 .
129 2571 249 2611 coerceo
273 2559 330 2606 aive
347 2552 449 2606 eentiee
471 2563 585 2606 centena
603 2552 687 2606 millia
708 2552 872 2606 sestertiirm.
910 2551 955 2606 Sic
974 2568 1036 2604 cum
1051 2550 1186 2603 Lambino

62 2634 64 2637 ·
126 2617 313 2687 Schiitzdedit
323 2637 375 2690 pro
384 2619 456 2690 vulg.
471 2619 537 2672 H.S.
546 2638 599 2675 ccc
608 2618 784 2672 :tricenties
796 2630 910 2671 centena
923 2616 1006 2670 millia
1022 2615 1187 2672 sertertium.

130 2687 167 2738 V,
177 2701 220 2765 ep.
235 2700 330 2754 anper.
345 2691 368 2754 1
381 2686 409 2739 bt
423 2715 457 2728 -
472 2687 519 2755 qui
534 2687 549 2737 i.
559 2701 583 2737 e.
604 2701 689 2755 quum
705 2683 741 2749 io,
759 2683 864 2756 quippe
882 2683 931 2755 qui
951 2694 1132 2751 compara.-
1149 2684 1186 2733 in·

127 2752 357 2804 considerantium.
390 2751 430 2802 lta
454 2749 489 2801 de
511 2751 617 2803 Manut.
642 2750 799 2805 coniectura
822 2748 968 2802 ediderunt
987 2747 1100 2814 Lamia,
1117 2749 1184 2802 Ern.

26 2842 28 2845 ·
126 2815 238 2871 Scbiitz.
258 2812 372 2870 Liiriem.
405 2815 477 2868 Satis
493 2813 664 2880 detenditur,
682 2826 712 2868 ut
727 2816 816 2873 Orell.
830 2826 938 2879 monet,
966 2813 990 2870 b.
1007 2833 1032 2867 v.
1055 2830 1088 2866 cx
1109 2813 1187 2867 Suet.

66 2940 70 2945 ‚
127 2880 223 2935 claud.
239 2880 280 2951 39.
303 2882 453 2932 oblivionem
473 2893 499 2932 et
518 2882 784 2941 inconsiderantiam,
800 2882 844 2933 ael
859 2893 889 2932 at
905 2897 1002 2947 graece
1018 2881 1120 2940 dmm,
1144 2898 1187 2946 με.

127 2948 229 3017 τεωρίαν
247 2958 272 2997 et
288 2949 427 3012 ἀβλεψίαν.
461 2946 490 3000 Si
506 2955 597 2999 tamen
617 2946 679 3017 quio
701 2945 823 3012 dubitet,
840 2963 875 2998 an
888 2945 941 2997 iam
958 2944 1084 2999 Ciceroni
1100 2945 1186 2998 tribul

127 3013 216 3089 poerit
233 3012 305 3063 istud
325 3012 505 3077 vocabulum,
527 3011 549 3065 ia
567 3011 720 3066 arbitretur
740 3029 757 3065 a
776 3013 862 3083 gloss»
877 3010 1022 3082 expulsum
1038 3026 1098 3063 eaeo
1116 3008 1186 3064 illud

126 3093 218 3146 ipsum
234 3092 361 3147 graecum
380 3095 438 3130 voe.
454 3084 597 3150 μετεωρίαν.
631 3077 704 3131 Olim
726 3088 821 3129 contra
838 3093 945 3130 aeneum
967 3077 1112 3148 legebatur
1127 3094 1186 3128 cou-

26 3166 28 3171 ·
129 3143 308 3192 reiterandum.
323 3175 354 3199 -,-
387 3145 518 3195 sustinebo
533 3169 565 3194 =
581 3144 678 3197 feram.
711 3140 1188 3210 atttcrbeet.e1pticat=»subleva-

127 3206 181 3272 bo,
198 3222 297 3324 nemFe
313 3208 429 3276 pecunia
446 3207 597 3263 credenda:
620 3209 666 3262 vel
681 3207 826 3273 inhibebo,
844 3218 875 3261 ut
891 3209 960 3263 Milo
976 3224 993 3259 a
1009 3207 1090 3259 nimia
1105 3223 1187 3276 pecu·

115 3272 189 3328 niae
204 3288 258 3342 pro
273 3272 365 3324 usione
382 3271 599 3340 abstrabatur«,
617 3274 721 3339 minue,
738 3283 770 3327 ut
787 3274 910 3340 vidctur,
926 3271 1117 3327 commode-
1148 3284 1187 3324 est

128 3340 239 3389 tuorem
256 3354 397 3389 aereorum
412 3339 562 3394 ieronimi
579 3340 619 3394 t'ui
636 3341 706 3393 vires
726 3356 759 3392 ac
776 3339 866 3393 robur
882 3340 986 3393 fuciunt
1000 3355 1021 3392 a.
1038 3337 1188 3410 postulant.

194 3434 221 3495 s.
237 3425 261 3481 3.
296 3429 421 3479 venientis
442 3431 512 3481 onai.
545 3427 588 3484 cf.
613 3445 698 3499 supra
718 3431 897 3499 ep.1i.§.4:
925 3429 985 3480 Noa
1007 3429 1074 3479 enim
1096 3421 1186 3481 samus

127 3496 233 3544 omnino
249 3493 304 3543 seire
322 3509 388 3546 cura
403 3496 528 3545 uenientis
543 3498 623 3557 nnne',
647 3496 698 3546 etsi
712 3512 803 3545 sumas
815 3496 874 3546 'sine
889 3497 991 3546 temore.
1005 3525 1038 3535 -
1080 3495 1145 3546 nrbr'l
1160 3506 1186 3545 te

125 3559 280 3611 obtritam.
303 3558 371 3610 dom.
388 3561 443 3613 trin.
463 3559 480 3612 i.
495 3575 519 3613 e.
542 3561 684 3613 nolueram
707 3570 733 3613 te
755 3559 934 3633 interpretari
961 3557 995 3610 de
1011 3558 1107 3612 timore
1124 3576 1185 3612 mco

125 3626 200 3681 eirea
217 3639 263 3676 res
277 3633 385 3677 nostras
400 3623 572 3678 domesticas.
587 3658 617 3668 -
649 3642 766 3694 procuro
781 3651 814 3674 =
830 3636 957 3678 avertere
976 3642 1103 3696 possum,
1128 3642 1185 3696 quo

127 3704 211 3742 aenan
229 3688 294 3741 alibi
311 3688 345 3742 de
360 3689 542 3761 procurandis
562 3690 697 3772 portentis
716 3690 742 3745 b.
757 3709 781 3745 v.
801 3691 909 3762 legitur.
925 3723 957 3734 -
998 3691 1064 3742 nobil
1080 3709 1186 3751 curare,

127 3753 186 3806 sinc
204 3771 272 3807 cura
289 3769 364 3820 ease,
386 3755 460 3807 baud
480 3756 628 3810 sollicitum
649 3772 716 3809 essa.
733 3790 766 3801 —
809 3769 917 3808 cnutum
934 3773 989 3808 csse
1003 3759 1029 3807 in
1045 3757 1186 3810 scribendo.

128 3821 165 3872 V.
184 3819 263 3889 epist.
284 3836 378 3891 super.
398 3817 421 3886 1.
441 3838 464 3877 a.
486 3855 517 3865 .-
557 3841 623 3892 quoe
681 3823 734 3873 lom
819 3823 965 3873 turbantur
987 3848 1019 3871 =
1043 3823 1139 3876 turbae
1162 3837 1184 3872 a.

125 3892 216 3939 motus
225 3887 389 3953 manifestos,
398 3886 600 3941 notissimae-
625 3841 703 3941 1111εο
714 3889 791 3939 Mers.
808 3900 891 3939 nostr.
904 3906 973 3938 cons.
991 3890 1026 3942 V.
1036 3905 1079 3959 ep.
1093 3901 1186 3956 cuper.

126 3956 153 4016 S.
167 3948 191 4004 ὅ,
209 3982 252 4013 -·.
275 3954 301 4002 si
317 3969 367 4019 per
388 3954 586 4020 interregnum,
610 3953 628 4008 i,
642 3969 667 4006 c.
687 3953 726 4017 si,
750 3952 850 4006 habitis
873 3953 908 4004 ab
927 3953 1065 4026 interrege
1085 3960 1123 4019 (v.
1139 3967 1184 4068 esf.

125 4012 249 4069 anteced.
267 4022 291 4082 5.
304 4022 343 4080 4.)
363 4017 493 4084 comitiis,
510 4020 606 4072 conoul
624 4019 781 4085 creabitur,
803 4022 858 4070 stite
874 4020 989 4082 iudicio,
1011 4016 1135 4073 aecuaari
1170 4033 1185 4070 e

124 4080 231 4134 ambitu
247 4088 286 4149 (v.
303 4096 346 4151 ep.
360 4098 390 4149 a,
404 4083 434 4153 3)
453 4100 513 4148 non
526 4084 645 4156 poterit,
661 4100 748 4156 quum
762 4085 852 4140 atatim
867 4086 1040 4140 consulatum
1057 4085 1092 4136 cit
1107 4083 1186 4137 initu·

947 4169 985 4233 11
