3009 5067
295 841 593 1011 11111111
621 917 950 1017 cronacum

20 1223 23 1238 ‚
97 1096 478 1218 nemetensem
510 1110 585 1185 nu
619 1109 865 1204 Qururuu
897 1105 1184 1190 1111111111
1254 1099 1257 1106 ’

18 1267 22 1286 ⁴
152 1243 158 1266 ⁴
374 1241 586 1332 1111111
612 1250 823 1329 smnus.
1213 1267 1251 1292 ·2

545 1443 716 1467 iun--u--d

463 1591 732 1690 urrunnun
763 1590 793 1668 1.

320 1733 428 1811 Scripta
441 1733 542 1794 11111111
555 1749 579 1793 1.
592 1717 619 1793 u.
634 1750 657 1794 o.
673 1734 732 1794 695
756 1738 795 1821 (a.
810 1734 871 1796 Chr.
886 1737 943 1810 59]

271 1833 298 1891 1.
320 1832 449 1907 Afranio,
477 1832 508 1903 Q.
529 1831 648 1893 Caecilio
668 1832 778 1894 llletello
800 1831 898 1894 Celere
918 1833 995 1896 Coss.
1027 1867 1030 1876 ‚

20 1981 21 1992 ¹
100 1988 309 2059 drpumeatrm.
343 1987 436 2063 Quum
453 1986 556 2062 Quinto
572 1985 667 2055 111111,
682 1977 731 2059 qui
748 2005 782 2041 ex
800 2000 932 2061 praetura
945 1991 1036 2046 Asiam
1052 1993 1160 2061 provin·

167 2069 237 2123 ciam
250 2084 337 2123 annos
349 2070 402 2121 iam
416 2068 470 2122 duo
482 2086 579 2139 magna
592 2084 654 2121 cum
667 2068 766 2136 laude,
783 2070 977 2125 nonnullorum
991 2082 1083 2125 tamen
1096 2081 1160 2124 cum

167 2151 400 2222 reprehensione,
426 2148 678 2216 administraverat,
703 2161 886 2223 prorogatum
902 2152 982 2205 etiam
1002 2153 1032 2205 in
1049 2153 1160 2207 tertium
1261 2165 1262 2170 ’

169 2247 272 2282 annum
288 2227 436 2295 imperium
452 2226 564 2293 luisset,
589 2227 687 2280 Cicero
709 2244 773 2280 oum
796 2228 916 2297 primum
938 2232 975 2284 ob
992 2234 1061 2284 hane
1078 2233 1161 2287 mole·

169 2306 248 2364 stiam
263 2303 435 2372 consolatur,
453 2318 568 2375 eamque
582 2304 683 2375 partim
697 2322 747 2357 sua
760 2307 845 2375 ipsius
859 2308 941 2376 culpa
955 2311 979 2361 ei
993 2319 1162 2365 contractant

171 2405 231 2444 esse
247 2387 395 2441 confitetur
414 2385 491 2440 ι-3
499 2404 509 2455 3
540 2382 637 2439 deinde
651 2382 781 2439 hortatur
793 2385 924 2453 fratrem,
937 2403 972 2439 ne
986 2387 1105 2439 animum
1118 2390 1164 2442 de·

170 2471 276 2538 mittat,
293 2465 341 2522 sed
352 2468 465 2542 negotiis
478 2467 589 2522 resistat
595 2475 702 2539 ,atquo
713 2466 783 2521 adeo
795 2477 942 2535 occurrat,
959 2468 1064 2541 quippe
1076 2486 1166 2541 quum

170 2571 226 2608 non
243 2568 303 2606 eam
320 2562 428 2624 partem
446 2568 487 2605 rer
479 2550 632 2624 publicae
648 2559 740 2623 gerat,
757 2548 784 2604 in
797 2566 855 2623 qua
867 2549 979 2606 fortuna
992 2551 1164 2623 dominetur,
1184 2585 1200 2633 ,ι

171 2625 264 2690 sedin
280 2650 337 2705 qua
346 2633 504 2729 plurimum
521 2632 593 2687 ratio
609 2631 697 2704 possit
719 2641 746 2685 et
763 2631 901 2703 diligentia
923 2634 977 2699 4-
947 2651 1010 2706 -9.
1057 2632 1163 2689 Deinde

173 2715 309 2798 prdeciplt
326 2715 463 2787 primum,
488 2724 518 2770 ut
535 2731 599 2782 eos,
624 2730 695 2784 quoe
711 2705 825 2770 comites
840 2724 868 2768 et
885 2711 1026 2769 adiutores
1042 2717 1164 2789 negotio·

173 2815 236 2854 rum
254 2813 299 2851 res
301 2787 451 2887 publica'
443 2813 502 2868 rpsa
519 2791 675 2863 dederit,'
667 2812 695 2848 rn
712 2787 804 2849 ollicio
821 2795 959 2850 contineat
984 2807 1164 2865 111-113111

19 2921 20 2932 ,
107 2879 111 2884 ’
174 2854 370 2938 convictorum
382 2889 410 2934 et
427 2877 618 2952 apparitorum
634 2876 707 2931 facta
723 2885 751 2929 et
768 2874 841 2928 dicta
857 2876 907 2928 sibi
923 2877 1089 2947 praestanda
1104 2895 1164 2935 esse
1253 2910 1255 2913 >

173 2965 274 3038 cogitet
302 2980 388 3017 11-1
379 2962 426 3030 134
458 2970 488 3014 ut
511 2969 645 3032 quantum
667 2956 883 3031 provincialibus
906 2958 1097 3014 111111111111
1119 2961 1165 3015 vel

176 3047 290 3101 Graecis
306 3042 510 3112 fidendumsit,
527 3041 672 3116 diligenter
688 3039 890 3113 circumspiciat
915 3042 1037 3110 15-163
1062 3053 1094 3097 ut
1108 3059 1165 3098 ser·

177 3140 225 3181 vus
250 3127 325 3198 gravi
345 3136 372 3180 et
394 3123 526 3179 constanti
542 3121 683 3197 disciplina
699 3119 827 3178 coerceat
853 3122 969 3194 17-18.
1016 3125 1166 3180 Praeterea

178 3209 322 3264 severitate
335 3210 394 3276 ejus
405 3207 432 3259 in
443 3205 529 3259 rebus
539 3204 690 3261 statuendis
701 3217 729 3262 et
738 3202 918 3260 decernendis
929 3204 1055 3274 laudata,
1066 3223 1167 3277 aequa-

177 3287 309 3346 bilitatem
325 3281 353 3342 in
368 3281 430 3340 iure
447 3282 561 3338 dicendo
582 3305 705 3358 rp-ao,
721 3287 878 3342 facilitatem
894 3286 921 3340 in
938 3284 1084 3353 audiendo,
1100 3285 1167 3339 leni·

175 3383 261 3429 tatem
277 3369 305 3423 in
318 3364 506 3435 decernendo,
522 3366 549 3419 in
565 3367 752 3422 satisfaciendo
771 3386 802 3422 ac
819 3367 985 3441 disputando
1002 3367 1167 3437 diligentiam

176 3449 348 3511 commendat
365 3446 485 3504 11-16.
527 3448 563 3501 Ε1
579 3462 666 3521 quum
682 3449 731 3517 iis,
756 3448 806 3521 qui
827 3450 950 3523 praesint
978 3449 1053 3518 aliis,
1078 3451 1167 3507 1111111

177 3540 230 3592 huo
247 3531 393 3590 referenda
410 3530 479 3599 sint,
506 3539 538 3585 ut
554 3529 590 3596 ii,
616 3530 664 3601 qui
679 3529 806 3585 fuerint
798 3550 825 3584 11
842 3549 939 3586 eorum
955 3532 1089 3604 imperio,
1113 3534 1168 3590 sint

177 3637 261 3694 quam
282 3609 447 3681 beatissimi,
471 3613 524 3666 boo
542 3624 558 3665 1
568 3606 661 3667 fratre
682 3627 787 3666 summa
800 3612 935 3685 diligentia
953 3623 1079 3668 curatum
1093 3632 1169 3689 esse,

177 3698 320 3773 singula
297 3714 355 3750 erus
368 3695 465 3749 merita
478 3693 669 3766 percensendo
683 3693 815 3762 laudat,
808 3714 835 3748 11
853 3711 969 3766 eamque
986 3699 1119 3752 rationem
1135 3708 1168 3753 ut

178 3799 267 3855 porro
283 3778 356 3833 omni
373 3775 463 3831 studio
486 3776 642 3844 incumbat,
666 3776 811 3844 hortatur,
822 3776 955 3872 '27-32.
977 3777 1109 3852 ideoque,
1132 3789 1165 3835 ut

179 3864 331 3938 publicanis
347 3877 398 3916 neo
414 3861 524 3913 omnino
540 3856 719 3926 adversetur,
742 3875 794 3912 nec
811 3858 842 3913 iis
858 3867 948 3913 tamen
964 3861 1053 3916 omnia
1068 3875 1164 3916 eonce-

181 3941 242 4013 dat,
258 3953 351 3999 monet
366 3942 438 3997 dd-
445 3941 493 3997 36.
526 3941 652 4013 Denique
666 3951 697 3997 ut
709 3931 866 3995 iracundiae
880 3940 987 3998 resistat
1000 3944 1167 4014 omninoque

181 4037 270 4082 totum
286 4026 406 4080 animum
421 4025 449 4078 in
461 4024 580 4079 omnium
593 4023 675 4079 laude
687 4021 848 4097 colligenda
843 4034 952 4095 ponat,
968 4026 1092 4084 fraterno
1103 4039 1167 4100 eum

180 4111 269 4165 animo
285 4118 365 4183 rogat
382 4107 491 4178 37-05
492 4145 498 4159 .

445 4191 481 4257 «a.
581 4205 585 4212 ,
692 4263 694 4266 ¹
948 4203 965 4268 ¹
1061 4173 1079 4200 .“
