3009 5067
339 313 386 385 w
485 321 520 381 tl.
542 319 572 383 t.
594 318 777 381 CICERONIS
798 317 944 380 aristot.
967 318 1015 378 nl)
1036 319 1067 391 0.
1088 319 1254 381 FRATREM

339 505 519 591 praeterea
544 518 608 567 nos
636 498 694 565 isti
722 496 890 563 hominum
915 499 1036 585 generi
1064 498 1245 586 praecipue
1273 497 1408 566 debere

338 608 511 697 videmur,
540 607 595 695 nt,
627 621 765 692 qnorum
785 602 980 702 praeceptis
1000 617 1114 668 snmus
1141 601 1279 692 eruditi,
1309 603 1409 690 apud

336 735 398 784 eos
418 717 531 802 ipsos,
553 710 698 800 quodeb
715 711 760 776 iis
777 708 1007 798 didicerimus,
1029 707 1172 775 velimus
1188 728 1406 796 expromere.

194 821 240 889 Χ.
260 820 318 893 29.
419 826 531 912 atque
559 822 619 889 ille
647 819 780 908 quidem
809 819 969 905 princeps
997 818 1129 905 ingenii
1161 825 1196 886 et
1227 818 1407 887 doetrinae

338 927 454 1017 Plato,
486 933 555 995 tum
583 923 727 1012 denique
755 923 829 991 iore
855 923 975 989 beatus
995 943 1054 989 res
1074 926 1228 1012 publicas
1248 926 1405 1014 putavit,

338 1037 370 1105 si
389 1041 448 1104 unt
469 1029 561 1102 dooti
578 1051 620 1100 ac
646 1031 816 1118 sapientes
842 1028 994 1096 homines
1021 1047 1083 1103 eas
1109 1049 1236 1118 regere
1263 1031 1405 1119 coepis-

338 1148 435 1231 sent,
455 1143 513 1205 ant
531 1140 573 1226 ii,
595 1137 649 1225 qni
667 1139 851 1224 regerent,
873 1149 970 1202 omne
990 1152 1084 1201 suum
1102 1135 1248 1205 studium
1262 1138 1298 1204 in
1312 1127 1404 1220 doc·-x

339 1248 428 1314 trina
454 1264 496 1312 uo
516 1241 682 1331 sapientia
712 1242 949 1310 collocassent.
1004 1240 1103 1307 Hono
1130 1243 1403 1311 coniunctionem

340 1351 500 1421 videlicet
520 1348 701 1438 potestatis
721 1367 763 1415 uc
783 1347 975 1435 sapientiae¹
990 1347 1091 1414 soluti
1118 1349 1249 1414 censuit
1271 1349 1401 1413 civita-

339 1457 429 1525 tibus
449 1477 530 1526 esse
549 1475 663 1546 posse.
714 1456 812 1541 Quod
838 1457 987 1522 tortasse
1014 1453 1192 1542 aliqnando
1214 1454 1400 1520 universae

235 1581 239 1589 ⁴
339 1564 390 1633 rei
413 1563 567 1651 publicae
594 1567 752 1651 nostroe,
783 1581 873 1629 nnnc
897 1562 1032 1650 quidem
1059 1560 1211 1650 proiecto
1234 1560 1292 1626 isti
1309 1576 1399 1646 pro·

338 1670 471 1738 vinciae
489 1667 650 1757 contigit,
673 1673 709 1734 ut
729 1670 760 1735 is
780 1669 816 1735 in
836 1688 879 1736 ea
897 1688 1056 1736 summam
1073 1671 1276 1757 potestatem
1291 1664 1402 1731 lrabe-

338 1780 413 1861 ret,
445 1776 498 1841 eui
523 1777 558 1841 in
586 1775 759 1865 doctrina,
788 1776 841 1843 oui
866 1776 903 1842 in
923 1777 1048 1842 virtute
1069 1780 1170 1862 atque
1192 1770 1402 1840 humanitate

337 1876 552 1968 percipienda
573 1879 746 1965 plurimum
767 1899 789 1945 a
809 1882 954 1968 pueritia
974 1880 1077 1948 studii
1096 1881 1218 1947 fuisset
1246 1882 1282 1945 et
1308 1881 1400 1944 tem-

240 1987 297 2056 30.
338 1984 443 2073 poris.
485 1981 599 2067 Quare
615 1999 714 2071 cura,
730 1989 769 2050 nt
784 1983 840 2053 bie
856 2004 984 2077 annus,
1006 1988 1062 2075 qni
1078 1986 1123 2055 ed
1137 1986 1286 2054 laborem
1305 1989 1398 2050 tunm

338 2089 504 2177 accessit,
531 2087 621 2156 idem
648 2089 692 2158 ad
718 2090 861 2159 salntem
881 2094 989 2160 Asiae
1015 2093 1219 2183 prorogatus
1239 2108 1318 2157 esse
1339 2089 1398 2154 vi-

342 2196 480 2265 deatur:
499 2193 761 2289 quonium[poe]
777 2199 812 2266 in
830 2203 865 2266 te
882 2200 1059 2270 retinendo
1074 2198 1138 2265 luit
1152 2198 1237 2266 Asia
1253 2197 1397 2284 felicior,

341 2382 498 2440 trudeim-
528 2392 668 2451 praeterea
691 2399 739 2435 nos
762 2387 817 2438 siti.
851 2383 983 2452 Sebiitc„
1006 2386 1200 2439 auctoritatem
1216 2392 1327 2437 secutus
1344 2385 1397 2437 Er·

341 2447 437 2513 mettii,
464 2446 513 2519 qui
535 2465 559 2502 v.
574 2458 712 2514 praetereo
730 2448 774 2501 hic
791 2447 889 2521 frigide
908 2448 1065 2504 redundare
1083 2450 1205 2514 monuit,
1229 2447 1320 2502 dedite
1347 2454 1396 2501 loc

341 2529 388 2565 nos
401 2515 457 2571 r'sti.
488 2516 526 2566 At
543 2514 614 2566 enim
627 2532 657 2569 v.
667 2526 807 2583 praeterea
823 2531 879 2568 non
895 2516 953 2569 sine
971 2515 1006 2569 ali
1028 2533 1062 2569 ue
1077 2515 1104 2567 vi
1121 2514 1213 2570 addite
1226 2514 1344 2569 videtur.
1362 2543 1396 2557 -

322 2617 324 2620 -
341 2596 431 2632 amru
448 2578 555 2631 erudeli.
588 2579 696 2633 Ernest.
713 2579 820 2651 recepit
841 2582 986 2635 lectionem
1002 2532 1119 2636 iiiorum
1136 2583 1290 2636 librorumr
1313 2584 1397 2631 rrimus

342 2645 435 2705 erud,
451 2643 653 2716 coniunctiounr
669 2645 781 2698 modum
796 2645 918 2717 pendere
931 2659 1008 2701 ratus
1026 2650 1182 2711 avelinam,-
1198 2646 1275 2719 quod
1289 2663 1344 2699 non
1357 2647 1395 2699 itu

342 2725 402 2763 este
416 2720 515 2780 sponte
532 2726 568 2782 ap
588 2720 662 2779 aret,
678 2721 706 2765 et
719 2711 830 2769 seusu.
846 2712 971 2768 ostendit.
985 2746 1018 2757 -
1051 2730 1202 2783 eapronusre
1216 2740 1249 2763 =
1261 2714 1288 2768 in
1304 2713 1395 2766 lucem

343 2775 486 2846 proferro,
504 2727 649 2843 adbibere,
666 2794 805 2833 exercere.

405 2868 439 2922 X.
456 2875 480 2936 §-
499 2885 539 2939 up.
573 2868 658 2921 Plato.
678 2868 750 2924 Sunt
766 2887 799 2920 vv
822 2885 885 2941 sqq.
895 2868 1016 2924 Socratis
1030 2866 1103 2939 apud
1113 2869 1220 2927 Platon.
1234 2867 1268 2921 de
1284 2884 1314 2922 re
1338 2866 1396 2922 ubl.

343 2931 402 2988 1.ὅ.
419 2951 447 3005 p.
463 2935 512 3004 473
535 2936 566 2990 G.
598 2935 642 2989 doio
663 2938 698 3005 μή
720 2932 735 3004 ip*
758 2937 781 2988 oi
799 2938 935 3002 φιλόσοφοι
953 2938 1140 2997 βασιλεῦσωσιν
1158 2936 1183 2988 s'v
1201 2935 1258 2998 ταῖς
1280 2885 1398 3000 edisco,

343 2996 358 3064 ip*
379 2998 404 3079 oi
426 3000 542 3064 βασιλεῖς
564 3023 592 3056 τε
614 3006 658 3055 νῦν
676 3000 807 3073 λεγόμενοι
828 3001 871 3055 uni
888 3001 1219 3120 doodcrar‘drloeodtfi'cwor
1235 3010 1343 3122 ἷνῃσίως
1365 3020 1396 3054 τε

343 3085 385 3116 και
401 3064 490 3127 ἱκανῶς
576 3068 625 3121 otiu
641 3068 695 3120 ἔστι
711 3073 799 3125 κακῶν
816 3073 904 3122 παῦλα
919 3064 974 3129 ταῖς
989 3068 1105 3122 τέλεσιν.
1164 3068 1223 3125 util.
1262 3084 1309 3138 up.
1329 3084 1356 3133 t,
1369 3068 1395 3120 6.
1487 3085 1488 3118 1

343 3131 466 3187 Plutonis
481 3132 582 3187 dietum
599 3134 635 3187 itt
651 3134 813 3204 explicavit:
837 3134 890 3188 »Si
906 3144 954 3188 eut
991 3135 1018 3188 ui
1036 3151 1066 3188 sa
1087 3134 1161 3201 iuut,
1177 3134 1330 3206 imperare,
1347 3142 1394 3186 cut

343 3197 392 3320 poi
408 3197 443 3251 im
465 3210 561 3266 erant,
577 3216 676 3272 sapere
693 3197 822 3278 diseunt«
839 3199 872 3252 ed
886 3150 1000 3272 quemi.
1019 3220 1047 3258 v.
1085 3201 1168 3253 unuln
1183 3218 1212 3273 p.
1230 3217 1259 3254 ει
1275 3216 1316 3271 sq.
1350 3198 1391 3254 cl

371 3263 407 3317 sl.
452 3281 492 3319 ax.
505 3283 536 3335 7,
551 3268 593 3332 al.
627 3265 755 3338 Appuler.
775 3264 810 3319 de
826 3264 942 3320 doctrin.
959 3268 1029 3324 Plet.
1048 3286 1075 3340 p.
1089 3276 1123 3323 26
1138 3267 1183 3322 ed.
1198 3264 1393 3334 Oudendorp:

343 3331 404 3383 »At
420 3331 490 3383 enim
506 3330 705 3403 rempublicam
722 3343 804 3451 negot
820 3349 901 3403 posse
918 3335 1082 3402 consistere,
1106 3333 1156 3387 nisi
1174 3334 1210 3400 is,
1227 3333 1277 3404 qui
1289 3330 1393 3397 imperi·

343 3404 401 3462 tet,
426 3395 525 3477 habeut
542 3398 689 3469 sapientise
707 3398 857 3481 ⁸⁸¹¹.i⁰¹!¹'.
873 3409 921 3453 aut
941 3398 964 3454 is
985 3399 1019 3453 ed
1035 3397 1225 3477 imperandum
1245 3397 1392 3470 deligatur,

344 3463 1392 3600 ll‘u‘llnllilli::trininitatis&lizinniam

344 3608 378 3646 re
396 3605 507 3663 nerent,
528 3604 576 3648 eut
593 3611 625 3648 re
659 3597 981 3668 ophilosopbcrentur.e
995 3627 1029 3640 -
1061 3596 1240 3650 collocantem.
1268 3593 1391 3648 Ernests

345 3659 524 3724 colorarent,
548 3660 611 3732 quie
625 3677 640 3713 s
653 3660 728 3733 ioqui
746 3664 813 3717 baec
829 3663 960 3715 sententie
976 3679 1032 3715 uon
1048 3659 1203 3716 differretur
1220 3658 1310 3711 verbis
1326 3660 1396 3713 docti

346 3742 378 3778 ae
390 3727 519 3794 sapientes
532 3727 662 3789 honorium,
678 3744 764 3809 quum
779 3738 868 3783 tamen
884 3728 984 3781 Cicero
999 3724 1104 3800 priori:
1121 3729 1225 3781 »siout
1239 3723 1390 3797 philosophi

346 3803 530 3862 regnarent«,
553 3793 701 3865 posteriori
714 3805 806 3849 eutem
823 3794 971 3848 sententiat
995 3804 1065 3847 aaut
1078 3807 1158 3866 reget
1171 3789 1393 3862 philosopharen-

345 3868 416 3913 tur«
433 3858 588 3928 exprimere
603 3860 690 3913 vellet.
700 3892 734 3905 -
750 3861 892 3931 aliquando
907 3862 1044 3911 om'osrsos
1057 3864 1121 3928 resp.
1140 3856 1301 3911 Ciceronem
1315 3857 1340 3911 lr.
1351 3876 1391 3911 vr.

346 3938 375 3976 se
391 3925 481 3993 ipsum
497 3933 525 3975 et
540 3926 711 3979 consulatum
727 3940 807 3978 suum
824 3925 964 3997 respicere
975 3943 1032 3980 non
1045 3921 1228 3995 improbabile
1240 3921 1390 3976 videtur.-

346 3990 394 4041 istr'
404 4003 482 4055 prou.
510 3989 606 4056 Asius,
623 3992 667 4044 eui
681 4002 713 4045 tu
747 3991 839 4043 russis.
852 4025 886 4036 -
918 4004 944 4043 et
961 3992 1092 4061 temporis.
1116 3986 1199 4066 Quod
1212 3989 1334 4042 Lumbin.
1350 3985 1392 4038 ud·

347 4054 402 4109 dit:
420 4052 594 4117 collocatum,
611 4074 667 4109 non
681 4008 762 4111 faciie
776 4054 966 4113 desiderasses.

346 4210 351 4219 .
397 4150 422 4213 s.
433 4140 474 4200 do.
491 4139 634 4220 quoniam[
633 4141 714 4220 qus],·
724 4141 1196 4216 copulamqusoddivoluitbabilla,
1203 4141 1395 4220 praeeuntibus
1481 4183 1482 4234 p
