3009 5067
276 947 312 1016 9.

352 341 377 412 (i
500 350 534 408 ll.
555 349 584 407 Τ,
607 347 789 410 CICERONIS
810 339 961 413 telsion.
982 349 1029 409 All
1051 350 1081 421 Q.
1103 352 1268 414 FRATREM

352 525 530 594 biennium
542 525 615 616 sic,
635 530 673 592 ut
687 525 813 592 nullum
826 529 861 592 tc
877 527 1030 615 signum,
1051 528 1144 595 nulls
1159 530 1308 619 pictura,
1329 531 1411 596 nul-

351 634 418 699 lum
438 651 524 722 vas,
548 632 643 698 nulla
661 633 792 717 vestis,
813 631 939 699 nullum
958 635 1173 723 mancipium,
1193 636 1286 702 nulla
1305 633 1412 703 forma

353 741 568 826 cuiusquam,
605 738 698 803 nulla
727 737 872 805 conditio
901 742 1064 825 pecuniae
1091 776 1135 789 -
1163 740 1282 828 quibus
1308 741 1412 807 rebus

353 843 503 910 abundat
520 844 590 911 iste
610 843 784 928 provincia
804 876 846 892 -
866 844 909 908 ab
929 863 1057 912 summa
1076 847 1274 935 integritate
1299 848 1411 915 conti·

351 951 532 1036 nentiaqne
546 949 735 1017 deduxerit.
778 946 866 1030 onio
879 955 991 1016 autem
1011 955 1153 1038 reperiri
1173 960 1241 1021 tam
1256 954 1412 1021 eximium

227 1080 250 1090 ²
351 1061 410 1126 aut
430 1062 499 1123 tum
519 1055 743 1143 expetendum
763 1058 894 1142 potest,
916 1073 1012 1142 quem
1026 1059 1126 1123 istam
1139 1060 1315 1145 virtutem,
1336 1080 1410 1127 mo-

198 2117 260 2186 111.
276 2117 328 2185 10.

351 1164 556 1230 derationem
577 1163 696 1251 animi,
718 1160 971 1248 temperantiam
990 1182 1057 1229 non
1077 1163 1186 1230 latere
1205 1167 1240 1231 in
1261 1168 1412 1234 tenebris

351 1288 461 1355 neque
480 1286 563 1337 esso
583 1269 748 1358 abditum,
770 1267 833 1335 sed
854 1270 888 1334 in
908 1268 985 1335 luce
1004 1270 1129 1355 Asiae,
1152 1272 1186 1333 in
1207 1271 1311 1336 oculis
1333 1274 1410 1337 ela·

350 1376 506 1441 rissimae
534 1376 727 1461 provinciae
752 1385 853 1463 atque
880 1373 915 1442 in
940 1377 1076 1443 auribus
1095 1376 1237 1443 omnium
1257 1377 1411 1463 gentium
1479 1449 1480 1452 Ἴ

238 1473 242 1484 '
352 1499 394 1547 ac
414 1483 583 1549 nationum
604 1499 684 1550 esse
704 1473 878 1571 positam'i
904 1503 970 1550 non
990 1482 1165 1549 itineribus
1186 1482 1254 1547 tuis
1274 1486 1409 1568 perter-

352 1589 419 1654 reri
435 1588 602 1679 homines,
623 1607 690 1657 non
702 1597 835 1678 sumptu
851 1589 1039 1679 exhauriri,
1059 1610 1126 1657 non
1147 1589 1295 1656 adventu
1316 1605 1410 1654 com·

350 1684 509 1759 moveri'i
530 1714 628 1781 esse,
650 1715 845 1786 quocunqne
865 1699 1021 1786 veneris,
1041 1702 1078 1767 et
1097 1698 1228 1785 publice
1241 1703 1277 1764 et
1290 1698 1409 1784 priva-

353 1800 411 1865 tm
429 1802 603 1868 maximam
622 1802 804 1870 laetitiumr
833 1802 929 1892 quum
949 1805 1030 1871 urbs
1052 1802 1241 1890 custodem,
1261 1823 1329 1869 non
1349 1806 1409 1888 ty-

352 1923 508 1994 rannum,
540 1907 654 1974 domus
681 1908 868 1999 hospitem,
896 1930 964 1978 non
991 1911 1208 1998 expilatorem
1236 1911 1410 1997 recepisse

350 2004 535 2086 ulerunt

429 2122 494 2187 llis
516 2123 626 2187 autem
646 2121 682 2188 in
701 2123 805 2191 rebus
824 2125 890 2191 iam
911 2130 946 2191 te
964 2143 1046 2192 esus
1067 2124 1140 2210 ipse
1158 2122 1308 2210 prolecto
1328 2137 1409 2187 eru-

351 2224 439 2294 divit
457 2244 666 2314 nequaquam
687 2211 774 2310 s'atis
795 2248 895 2322 esse,
922 2232 1030 2318 ipsum
1050 2229 1113 2300 has
1134 2234 1170 2296 te
1190 2229 1316 2295 babere
1335 2227 1410 2293 vir·

350 2339 461 2426 tutes,
482 2334 545 2402 sed
564 2353 647 2404 esso
668 2336 997 2423 circumspiciendum
1018 2336 1220 2419 diligenter,
1241 2332 1410 2397 atiniae

350 2442 503 2506 custodia
522 2441 717 2523 provinciae
736 2459 804 2503 nen
824 2443 860 2502 te
880 2458 998 2524 unum,
1019 2437 1083 2503 sed
1104 2454 1218 2502 omnes
1239 2437 1409 2503 ministros

348 2543 478 2629 imperii
504 2543 553 2607 tui
578 2541 681 2607 sociis
709 2545 745 2606 et
772 2540 902 2607 civibus
930 2546 966 2607 et
987 2542 1038 2606 rei
1057 2540 1211 2626 publicae
1231 2545 1409 2627 praestare
1478 2549 1479 2588 ³

348 2647 498 2716 videare.
551 2645 756 2731 Quamquam
775 2645 912 2733 legatus
933 2645 1061 2711 babeas
1082 2663 1160 2721 eos,
1185 2647 1241 2732 qui
1261 2647 1325 2733 ipsi
1345 2666 1407 2733 per

348 2773 388 2822 se
415 2751 560 2819 babituri
585 2751 655 2816 sint
681 2751 845 2819 rationein
872 2752 1051 2841 dignitatis
1077 2770 1183 2840 suae3
1216 2752 1259 2820 de
1287 2754 1407 2841 quibus

348 2864 473 2930 honore
502 2865 538 2926 et
566 2859 733 2952 dignitate
762 2866 797 2926 ct
817 2862 931 2926 aetate
950 2863 1104 2947 praestat
1125 2859 1276 2950 Tubero,
1310 2880 1406 2948 quem

1477 2777 1480 2925 l

347 3006 420 3064 quae
436 2999 498 3045 erut
513 3007 597 3063 penes
617 2990 823 3062 provineiurum
841 2987 989 3062 praecides.
1003 3021 1037 3033 --
1070 2988 1146 3040 nulla
1166 2993 1246 3043 uerrr'r
1265 2990 1405 3063 stragula,
1477 2975 1478 2990 ¹

345 3058 529 3134 peristroma,
546 3057 690 3139 inquibus
708 3074 822 3137 mugnus
837 3066 950 3111 ornatus
968 3054 1149 3109 tricliniorum
1167 3055 1227 3111 fuit.
1241 3088 1272 3099 —
1295 3057 1404 3131 somna,
1477 3087 1478 3090 =

345 3120 523 3196 pulchritudo
535 3141 689 3195 cuiusquam
702 3140 915 3193 mancupiorum,
931 3122 976 3175 vel
990 3122 1127 3188 mulieris,
1144 3123 1187 3175 vel
1200 3121 1404 3176 adolescentuli.

345 3220 377 3232 -
395 3190 470 3241 nulla
486 3190 600 3243 canera
618 3201 676 3243 eet:
700 3189 847 3260 promissio
879 3190 984 3241 eeunrbe
1000 3187 1125 3259 quamvis
1145 3203 1257 3260 magnae
1279 3187 1313 3243 ad
1335 3188 1404 3243 obti-

344 3256 466 3309 nendum
485 3254 587 3327 aliquid
604 3255 778 3321 contraius,
799 3255 838 3308 uti
854 3207 963 3309 lirneet.
979 3254 1187 3324 interpretatur.

389 3343 392 3350 ·
410 3319 434 3390 §.
449 3338 474 3394 9.
509 3322 537 3373 iu
550 3323 608 3376 luce
622 3327 667 3374 Ar.
681 3346 714 3371 =
728 3322 755 3375 in
770 3330 919 3393 conspeetu
934 3318 1028 3386 Asiae,
1046 3319 1146 3392 palam.
1171 3319 1402 3440 Frecguentissime
1477 3295 1478 3322 ³

344 3386 372 3444 lr.
384 3406 410 3443 v.
428 3389 515 3442 untur
529 3387 641 3456 Cicer03
664 3387 699 3443 cf.
715 3385 749 3440 de
763 3397 863 3441 senect.
876 3391 901 3454 4.
927 3388 1008 3440 Tunc.
1025 3402 1056 3452 u,
1070 3390 1111 3440 ab.
1136 3388 1217 3440 Brut.
1252 3429 1257 3440 .
1281 3387 1401 3454 Harusp.

343 3469 417 3524 resp.
434 3455 475 3508 αὖ,
494 3485 525 3495 -
554 3457 672 3523 positam
688 3479 721 3502 =
736 3452 923 3525 propositam,
946 3468 979 3505 ex
1000 3452 1118 3505 licatern.
1134 3485 1168 3496 -
1205 3468 1257 3503 non
1274 3451 1331 3527 abab.
1347 3451 1402 3501 ruis

340 3521 491 3587 perterreri
502 3520 570 3574 born.
604 3520 788 3575 Proconsulee
806 3529 853 3573 aut
870 3534 968 3572 eorum
980 3470 1083 3591 iegati,
1100 3535 1186 3588 quum
1205 3515 1239 3572 ad
1253 3511 1400 3570 audiendas

345 3581 565 3655 dirimendauque
582 3585 644 3640 lites
685 3588 868 3657 uerelasque,
894 3582 928 3638 ad
947 3602 980 3638 ea
998 3581 1175 3638 eraminenda
1191 3592 1219 3636 et
1235 3576 1400 3649 ordinanda,

344 3663 417 3730 quae
433 3649 468 3702 ad
486 3651 625 3724 publicam
644 3603 762 3706 uiiumm
779 3652 970 3724 pertinerent,
995 3649 1096 3703 aliaeve
1117 3648 1153 3703 ob
1175 3661 1271 3701 causes
1290 3646 1399 3716 provin·

232 3713 235 3721 “
344 3730 402 3767 erue
417 3731 482 3768 auae
496 3715 583 3771 urbes
599 3716 722 3786 adirent,
747 3717 836 3773 socios
853 3734 921 3789 pop.
936 3717 1015 3786 llum.
1031 3712 1155 3788 diripere
1171 3724 1254 3783 utque
1277 3712 1398 3783 expilare

344 3781 404 3834 sere
418 3781 552 3837 solebant.
585 3784 628 3838 Gi.
648 3785 719 3839 infra
738 3782 761 3853 ᾗ.
776 3785 824 3840 25:
848 3784 896 3836 illa
911 3784 1036 3845 :benum
1053 3795 1131 3854 acque
1145 3795 1275 3847 agrorum
1295 3816 1343 3834 .,,
1361 3778 1397 3829 la·

344 3848 460 3900 trecr'ru'a
476 3865 528 3898 erre
545 3850 576 3900 de
594 3850 662 3905 ulau.
690 3851 760 3905 Plin.
776 3850 877 3923 Peneg.
891 3864 934 3902 uo.
952 3880 985 3890 —
1019 3865 1072 3899 noa
1093 3847 1206 3898 aduentu
1228 3859 1320 3899 comm.
1354 3843 1397 3897 cf.

346 3912 404 3968 cic.
420 3868 631 3985 prolepsim.
646 3917 671 3997 ὅ..
687 3917 722 3971 ad
736 3921 794 3971 llll.
809 3918 840 3985 5,
858 3914 898 3969 16.
909 3945 943 3958 -
976 3914 1040 3966 urbe
1047 3951 1059 3976 ,
1081 3923 1164 3982 quarn
1180 3907 1329 3978 advenisti3
1354 3909 1396 3959 do·

343 3993 515 4124 metumque
522 3988 560 4099 ‘too‘
574 3992 689 4100 emptu}
704 4043 780 4099 dedit
801 4045 889 4099 Orell.
911 4062 965 4117 pro
986 4043 1059 4114 vulg.
1081 3991 1166 4099 disice.
1185 4051 1232 4086 -‘
1258 4052 1394 4120 praeetere

343 4110 463 4183 equnenr
479 4119 521 4165 est
534 4108 666 4183 praedem
683 4128 743 4167 esse
781 4127 815 4165 rc
832 4111 927 4183 aliquo
958 4108 1113 4184 periculum
1151 4106 1206 4163 uod
1221 4124 1255 4162 ex
1273 4123 1307 4161 eo
1322 4116 1395 4160 tume-

344 4184 408 4243 tur‚
423 4174 451 4231 in
465 4192 496 4232 ee
508 4175 640 4250 recipere.
656 4210 686 4222 -
776 4194 830 4233 ero.
853 4178 936 4233 lude
947 4176 989 4231 iue
1002 4175 1115 4230 Tubero
1130 4122 1165 4231 ib
1179 4173 1290 4229 ineunte
1307 4181 1393 4226 aetate
