3009 5067
533 249 594 320 cn,
617 249 637 309 ι.
678 195 729 311 or.
749 249 781 312 n
1141 251 1187 316 41

132 443 234 515 roeo,
262 438 297 501 et
316 431 414 509 daut·
432 436 561 495 euasti.
613 430 745 497 Maiora
764 430 833 497 istu
853 436 960 499 suunt.
1002 433 1103 500 bleae
1124 434 1188 500 ob·

132 544 342 632 iurgationes
363 541 500 606 inerunt
521 537 644 603 amoris
657 537 888 628 plenissimae,
910 558 996 625 qnae
1009 546 1088 607 sunt
1100 561 1187 607 non=

132 651 245 736 nulla,
277 648 341 715 sed
361 652 473 714 tamen
494 641 672 708 mediocria
693 646 728 706 et
748 660 856 727 parva
877 646 998 730 potius.
1049 649 1129 736 Ego
1155 654 1191 716 te

131 775 301 842 nunquam
316 753 391 818 'ulla
412 752 447 817 in
468 767 506 816 re
531 733 671 837 dignum'
691 748 824 814 minima
844 750 1105 835 reprehensione
1124 776 1191 841 pu-

133 866 284 945 tassem,
317 874 415 940 quum
445 858 480 920 te
507 853 718 920 sanctissime
748 872 913 941 gereres,
944 858 1012 923 nisi
1044 859 1191 927 inimicos

133 967 256 1032 multos
274 962 481 1028 haberemus.
524 959 619 1042 Quae
641 958 685 1025 ad
706 963 741 1025 te
762 960 876 1046 aliqua
892 962 1116 1031 admonitione
1133 971 1193 1032 ant

135 1069 373 1157 obiurgatione
399 1066 552 1155 scripsi,
567 1067 689 1152 scripsi
714 1071 851 1153 propter
879 1066 1088 1152 diligentiam
1109 1089 1190 1137 eau-

136 1176 237 1243 tionis
259 1192 375 1262 meae,
397 1174 431 1239 in
453 1190 518 1257 qua
537 1176 572 1237 et
591 1191 710 1239 maneo
733 1179 768 1239 et
789 1174 947 1262 manebo,
970 1180 1025 1262 et,
1047 1175 1136 1242 idem
1157 1180 1192 1241 ut

136 1280 257 1355 facias,
276 1299 344 1348 non
360 1278 522 1346 desistam
534 1293 669 1365 rogare.
711 1278 849 1346 Attalus
862 1279 1103 1366 Hyphemenns
1117 1299 1192 1348 me-
1233 1270 1291 1339 14·

137 1406 209 1454 oum
229 1386 323 1474 egit,
345 1388 383 1450 ut
402 1403 442 1450 se
460 1402 504 1451 ne
524 1383 726 1473 impedires,
747 1403 812 1471 quo
833 1386 960 1470 minus,
981 1385 1068 1471 quod
1088 1385 1131 1453 ad
1150 1385 1190 1470 Q.

118 1492 310 1560 ‚Publiceni
329 1493 476 1558 statuum
493 1489 665 1558 decretum
686 1494 760 1576 est,
782 1479 999 1581 erogaretur:
1020 1492 1106 1578 quod
1123 1511 1201 1579 ego»

118 1601 169 1666 rte
191 1601 227 1664 et
245 1616 331 1685 rogo
352 1600 387 1662 et
408 1595 590 1682 admoneo,
609 1615 652 1664 ne
671 1598 752 1666 tulis
772 1599 836 1666 viri
857 1603 990 1685 tamque
1005 1599 1113 1667 nostri
1126 1617 1192 1666 ne-

136 1704 277 1774 cessarii
297 1704 455 1776 honorem
475 1702 577 1776 minui
596 1721 659 1792 per
673 1708 708 1772 te
722 1707 782 1772 aut
795 1705 947 1801 impediri
961 1705 1060 1774 velis.
1080 1706 1190 1776 Prae-

135 1936 255 1999 uidetur
272 1935 398 1992 alludere
415 1937 450 1993 ad
468 1942 628 1995 senteutiam
643 1941 719 1995 illem
735 1940 837 1996 Teletls
856 1958 900 2015 ap.
915 1942 1069 1999 stobaeum
1087 1958 1111 1998 c.
1130 1944 1192 1997 rob:

134 2003 161 2062 ati
180 2006 252 2071 ieie,
267 2006 413 2074 Ποσειδᾶν,
428 2008 468 2059 ire
487 2009 564 2078 ὀρθὰν
578 2008 625 2062 τάν
641 2013 702 2062 ratio
718 2007 872 2075 nereides,
889 2026 972 2081 quant
985 2010 1089 2064 Seneca
1105 2024 1148 2080 ep·
1159 2009 1192 2063 8⁵

132 2069 217 2123 latine
231 2065 339 2136 reddit,
356 2070 419 2124 ubi:
444 2071 611 2124 Gubernator
627 2067 677 2122 citt
689 2090 741 2123 non
746 2073 909 2139 felicitatem
924 2078 1067 2143 proutrbr't,
1089 2073 1191 2145 inquit,

133 2135 293 2202 tsdfidelem
307 2152 415 2203 operum
432 2146 457 2187 ot
473 2140 548 2187 nauis
564 2138 693 2203 regendae
710 2141 845 2191 ementium
851 2157 865 2202 5
880 2141 944 2193 daeo
958 2157 989 2190 ao
1004 2141 1091 2207 anagia
1111 2157 1191 2208 appa·

135 2210 178 2251 ret
184 2236 195 2260 ,
212 2216 262 2270 quo
280 2198 325 2248 iili
335 2202 421 2267 magis
439 2200 529 2273 ulr'quu
535 2199 659 2267 fortuitu
674 2203 713 2252 vair
726 2203 829 2254 obstitit
836 2223 850 2272 ,·
867 2206 914 2274 qui
928 2206 976 2256 hoc
990 2206 1079 2273 potuit
1094 2206 1191 2257 deberet

135 2263 293 2332 enipeum,
315 2279 449 2334 nunquam
465 2267 532 2315 bano
549 2282 640 2315 nauem
657 2268 710 2316 nbi
723 2277 862 2330 rectam«,
886 2270 944 2318 arti
958 2268 1108 2335 satisfecct5
1132 2280 1193 2320 tem-

128 2341 221 2401 pestus
234 2345 285 2379 nort
299 2346 365 2397 opus
374 2329 564 2397 gubernatoris
576 2330 692 2398 impedit,
706 2331 752 2381 sed
763 2349 916 2385 autemeam.
941 2332 984 2386 cf.
998 2333 1078 2386 etiarn
1094 2334 1194 2405 Quine-
1277 2349 1280 2353 ’

133 2395 174 2448 til.
191 2394 285 2463 9,,18,
302 2398 342 2462 ²4·
361 2406 451 2446 notum
468 2394 537 2445 illud
552 2395 636 2446 adum
653 2395 756 2447 clavum
772 2409 874 2449 rectam
890 2408 1018 2458 teneam
1050 2397 1105 2450 llio
1123 2395 1194 2453 dieto

136 2460 202 2515 boni
220 2457 429 2532 gubernatoris,
450 2460 500 2532 qui
516 2476 546 2513 se
562 2460 606 2513 vel
623 2461 739 2514 maxima
754 2472 914 2533 tempestate
932 2478 1029 2516 narem
1049 2472 1126 2517 recte
1146 2482 1194 2537 gu-

133 2527 316 2592 bernaturum
332 2527 484 2599 promittit,
500 2525 619 2601 Quintus
636 2544 702 2581 usus
718 2537 779 2582 erat
795 2529 823 2581 in
839 2528 955 2602 epistola
969 2528 1004 2582 ed
1015 2529 1146 2598 fratrem,
1162 2540 1194 2589 ut

134 2608 164 2646 se
185 2590 354 2665 provinciam
373 2603 447 2646 recte
463 2589 715 2648 administraturum
732 2595 922 2665 profiteretur.
939 2628 971 2638 -
1008 2590 1080 2663 ἅπαξ
1097 2597 1192 2651 θανεῖν.

133 2660 266 2728 Spectant
283 2658 350 2711 haec
367 2659 454 2712 rerba
470 2656 505 2710 ad
522 2657 568 2712 lius
586 2657 660 2728 apud
678 2661 858 2731 Aeschylum·
872 2661 900 2714 in
915 2663 1054 2716 Prometh.
1070 2661 1152 2722 sinet.
1169 2682 1192 2717 r.

18 2738 21 2740 ,
131 2730 198 2797 749:
222 2724 430 2845 s,Ilipsitraou‘rpf'tp
452 2723 562 2812 subatra}
584 2725 684 2808 Souris,
771 2796 785 2809 .

283 2811 330 2858 rat
348 2795 559 2861 assentatricis
578 2812 692 2864 retexam
709 2812 806 2854 κακως.
1116 2851 1118 2854 ,

131 2875 188 2930 qua
201 2859 335 2913 sententie
350 2858 469 2934 Quintus
482 2812 630 2921 indicaret,
646 2874 676 2912 se
691 2857 762 2917 mori
777 2858 872 2924 malle,
889 2874 972 2931 qnam
987 2859 1108 2931 quotidie
1121 2862 1193 2920 male

131 2923 237 2978 audire.
252 2953 284 2966 -
317 2923 424 2983 Maiora
439 2926 492 2977 cita
508 2938 595 2986 erant.
619 2921 677 2978 Illis
695 2925 800 2996 graecis
817 2924 960 2979 versiculis
974 2943 1061 2996 quum
1075 2928 1193 3000 Quintus

132 3005 200 3043 usus
217 2999 377 3061 esset,‹quo
392 2988 565 3059 ostenderet,
581 3006 610 3045 se
624 2989 829 3063 obiurgationes
843 2988 937 3048 fratris
953 2993 1066 3047 moleste
1079 2994 1193 3061 tulisse,

132 3056 247 3109 Marcus
264 3055 430 3135 respondet:
451 3059 556 3112 marera
571 3060 624 3109 cirta
641 3068 738 3126 erunt,
760 3055 779 3109 i.
798 3072 821 3109 e.
845 3062 890 3126 (ut
909 3069 986 3113 reete
1003 3059 1126 3125 Opellius
1149 3076 1194 3112 ex·

132 3120 248 3192 plicent
271 3122 421 3175 meroribus
436 3121 612 3176 incommodis
629 3124 681 3176 ista
699 3132 782 3176 erunt
797 3121 971 3176 reservanda.
1005 3125 1117 3180 Sebritut
1135 3140 1194 3178 sns-

131 3186 239 3258 piautus
254 3195 329 3240 eret:
344 3188 449 3240 Maiora
463 3190 532 3249 abta,
549 3206 628 3258 quom
642 3205 713 3242 meac
726 3189 923 3256 obchrgratc'oner
949 3202 1097 3256 uerunt.-
1131 3207 1194 3240 noa·

131 3252 209 3304 nulla
287 3251 428 3306 mediocria
447 3293 493 3308 ...
510 3270 607 3319 parua.
646 3254 689 3314 Ita
705 3254 793 3308 Orell.
807 3272 870 3307 eum
885 3272 919 3312 eo
939 3252 967 3308 d.
984 3254 1078 3320 editt,
1094 3254 1122 3308 iu
1137 3271 1194 3324 qua

131 3317 250 3378 lectione
273 3326 314 3372 est
331 3316 454 3389 enallage
475 3317 592 3388 generis.
626 3320 718 3392 Vulgo
734 3318 841 3376 editur:
858 3319 1019 3382 sonantius,
1034 3322 1206 3382 nredoeres„

26 3420 28 3423 ι
126 3400 237 3455 parcae.
253 3412 286 3430 ι-
319 3382 409 3453 aliqua
431 3384 533 3438 admon.
566 3381 664 3437 Lamh.
682 3402 744 3437 cum
759 3386 849 3454 aliqua
866 3388 1059 3449 admonitione,
1084 3385 1119 3440 de
1136 3403 1193 3457 qua

130 3448 263 3502 serietate
275 3446 363 3508 Orell.
380 3458 488 3503 monet:
505 3447 535 3509 si
549 3466 608 3502 cum
623 3447 737 3516 excidit,
754 3460 814 3504 erat
827 3451 920 3521 potius
932 3461 997 3523 post
1012 3469 1036 3505 v.
1051 3452 1150 3523 alz'qaa.
1160 3484 1192 3494 -

125 3525 217 3585 propt.
233 3513 352 3581 diligent.
370 3526 443 3571 aaut:
459 3514 475 3568 i.
492 3530 517 3567 e.
534 3532 588 3585 pro
610 3523 686 3570 terea
722 3513 777 3568 uod
795 3532 838 3567 me
853 3533 908 3569 non
924 3516 988 3571 satis
1004 3527 1114 3570 centurn
1132 3534 1191 3570 esse

129 3596 212 3652 posse
226 3575 359 3633 existimo.
374 3613 408 3630 η-
441 3581 507 3632 idem
526 3592 557 3631 ut
587 3582 669 3645 aerbo.
701 3530 774 3635 hed,
787 3580 866 3634 Rom.
879 3583 915 3634 obl.
930 3595 961 3640 at
976 3582 1067 3650 rufae
1108 3585 1192 3637 Pron.

129 3658 160 3698 tu
180 3646 366 3700 necessarium
388 3661 447 3701 esse
469 3644 503 3698 nd
529 3663 546 3698 o
569 3645 733 3718 positionem
757 3664 820 3702 cum
847 3645 1024 3702 antecedente
1049 3647 1147 3701 maneo
1165 3663 1191 3703 cr

122 3714 236 3786 'manebo
250 3710 419 3778 faciendam,
433 3708 534 3768 iudicat
547 3664 702 3786 Bentivogl.

195 3798 220 3868 h.
247 3806 284 3871 ri.
325 3803 514 3872 Hypbcrneaus.
547 3803 868 3874 Vulg.1p}rsmsaas.-
912 3804 1065 3859 Publiumne
1079 3793 1190 3864 ‘nornen

131 3878 311 3937 corruptum,
329 3878 427 3987 utpote
440 3885 491 3922 noe
510 3870 648 3924 Graecum
664 3884 716 3948 nee
729 3870 890 3925 Romanum.
907 3870 1015 3930 Subiitz.
1029 3872 1190 3942 proposuit:

128 3934 153 3999 0
168 3932 284 3988 Publicii
297 3934 341 3996 rol
379 3935 512 3999 statutt,
528 3952 649 4008 quorum
662 3936 709 3998 ulle
726 3946 843 4007 praetor
859 3953 882 3990 e.
895 3955 921 3989 u.
936 3936 986 3990 688
1002 3950 1070 4010 (pro
1078 3940 1188 3991 Cluest.

128 4000 189 4068 15),
204 3998 248 4051 his
263 4011 376 4071 praetor
390 4000 471 4055 Asiae
487 4018 511 4055 a
521 4020 546 4054 n.
559 4002 609 4073 ⁶95
628 4011 737 4073 egente
750 4001 867 4057 Servilia
883 4008 950 4073 (pro
965 4003 1057 4062 Flauo.
1070 4006 1117 4069 32,
1130 4002 1187 4067 di).

125 4096 158 4118 ,-
175 4066 247 4136 quod
262 4082 310 4134 ego
332 4090 365 4120 π
383 4078 500 4141 propter
519 4068 596 4146 quod
614 4084 635 4123 s.
652 4077 812 4149 propterca.
