3009 5067
479 329 495 360 .
533 292 595 353 un
617 292 636 352 r.
679 291 729 353 ur.
752 292 771 352 r.
1040 253 1047 267 '
1141 282 1183 351 ts

126 479 196 543 tom
217 474 421 560 corruptrice
440 471 616 558 provincia
635 468 749 536 diviua
768 469 946 537 videantur
961 476 1103 538 neeesse
1117 473 1182 537 est.

127 580 222 647 llaec
250 580 413 645 institutio
441 582 541 662 atque
569 576 654 642 haec
680 575 855 662 disciplina
880 581 994 662 potest
1013 579 1184 645 susfinere

130 688 165 753 iu
194 687 294 753 rebus
323 680 515 750 statuendis
542 684 578 747 et
605 679 825 747 decernendis
853 699 926 747 eam
953 686 1186 768 severitatem,

128 815 196 882 qua
224 799 260 859 tu
288 791 323 855 in
349 790 391 853 iis
419 786 520 852 rebus
540 805 622 852 usus
643 804 700 876 es,
732 806 777 853 ex
797 787 916 874 quibus
936 787 1114 855 nonnullas
1133 789 1185 856 si-

128 899 288 967 multates
316 914 388 960 cum
415 910 540 979 magua
565 910 640 958 mea
664 892 795 960 laetitia
814 896 993 980 susceptas
1013 894 1185 960 habemus.

129 1007 211 1175 Nisi
230 1003 318 1068 forte
337 1019 389 1066 me
409 997 547 1066 Paeonii
568 998 684 1066 nescio
707 1000 822 1085 cuius,
844 999 984 1067 hominis
1004 1017 1047 1065 ne
1065 997 1188 1065 Graeci

130 1132 153 1198 q
177 1108 263 1174 idem
290 1121 331 1173 uc
354 1104 458 1192 Mysii
486 1109 545 1170 aut
570 1103 721 1192 Phrygis
748 1107 861 1192 potius
887 1106 1034 1192 querelis
1060 1104 1189 1172 moueri

132 1219 231 1301 putas
253 1217 310 1278 aut
331 1211 509 1299 Tusceuii,
531 1210 674 1275 hominis
690 1211 810 1278 furiosi
825 1230 866 1279 ac
882 1209 1010 1278 sordidi
1029 1209 1187 1298 vocibus,

132 1320 225 1385 cuius
247 1323 282 1384 tu
304 1336 349 1384 ex
369 1317 600 1404 impurissimis
626 1316 779 1384 saucibus
800 1306 1104 1382 inhonestissimam
1124 1333 1187 1381 cu·

130 1428 303 1514 piditatem
325 1424 479 1511 eripuisti
500 1441 625 1489 summa
646 1442 720 1491 cum
741 1414 932 1510 aequitate.

210 1531 306 1599 llaec
327 1536 363 1598 et
384 1535 499 1597 cetera
516 1530 621 1618 plena
638 1531 853 1607 severitatis,
874 1546 960 1615 quae
980 1527 1130 1593 statuisti
1150 1530 1186 1595 iu
1206 1521 1285 1590 vlt.
1305 1519 1361 1590 2⁰.

128 1641 197 1707 ista
222 1640 420 1728 provincia,
448 1655 516 1703 nou
543 1636 644 1704 facile
665 1636 739 1702 siue
760 1654 888 1702 summa
907 1634 1112 1726 integritate
1124 1652 1186 1700 su·

128 1747 353 1834 stiueremus3
375 1762 477 1834 quare
491 1744 537 1809 sit
554 1761 682 1812 summa
695 1743 730 1808 iu
750 1743 822 1811 iure
843 1740 986 1834 dicundo
1004 1739 1185 1831 severitas,

128 1851 304 1919 dummodo
328 1869 370 1917 ea
388 1869 433 1917 ue
453 1849 603 1917 varietur
623 1851 759 1940 matii,
790 1850 853 1917 sed
880 1853 1102 1917 conservetur
1121 1866 1184 1915 ae·

129 1958 283 2044 quabilis.
325 1955 405 2046 ¹Sed
430 1960 544 2024 tamen
564 1958 662 2043 parvi
683 1958 788 2024 reiert
808 1957 870 2024 abs
893 1963 928 2024 te
948 1958 1022 2043 ipso
1043 1958 1097 2022 ius
1120 1953 1186 2021 dici

128 2064 351 2151 aequabiliter
370 2067 407 2130 et
427 2062 628 2149 diligenter,
647 2065 713 2129 nisi
733 2062 823 2133 idem
843 2063 886 2129 ab
906 2064 949 2129 iis
969 2062 1044 2148 liet,
1067 2060 1185 2149 quibus

129 2175 169 2234 tu
189 2171 262 2233 eius
282 2169 429 2232 muueris
450 2167 593 2251 aliquam
613 2171 742 2252 partem
763 2167 985 2234 concesseris.
1033 2168 1087 2233 Ac
1105 2165 1186 2232 mihi

131 2271 264 2359 quidem
290 2272 425 2338 videtur
450 2289 518 2338 non
546 2289 628 2337 sane
655 2288 781 2355 magna
800 2270 950 2333 varietas
972 2287 1051 2334 esse
1070 2288 1184 2355 nego·

131 2379 251 2445 tiorum
267 2364 302 2443 iu
319 2375 581 2443 administranda
596 2376 701 2463 Asia,
721 2373 784 2440 sed
805 2391 848 2439 ea
867 2378 940 2439 tota
958 2373 1186 2470 iurisdictione

132 2522 287 2593 ruptionem
303 2529 332 2574 ct
348 2519 551 2592 improbitatem
566 2519 701 2576 alliciente
715 2520 752 2574 ob
770 2518 888 2589 divitias,
908 2521 1003 2574 luxum
1020 2538 1185 2595 morumque

131 2587 303 2660 pravitatem.
317 2620 350 2632 --
373 2590 517 2649 emtionem,
534 2598 662 2642 constans
677 2598 762 2658 atque
776 2587 927 2659 aequabilia
945 2587 1041 2671 agendi
1058 2588 1137 2644 ratio.
1151 2620 1185 2634 -

130 2656 278 2716 sustinere,
301 2650 449 2706 defendere
465 2663 493 2706 et
510 2652 582 2706 tueri
598 2664 694 2707 contra
712 2652 931 2708 adversariorum
947 2654 1185 2727 vituperationem.

130 2753 166 2764 -
182 2722 210 2771 in
223 2720 299 2771 rebus
312 2720 459 2770 statuendis
474 2731 500 2770 et
516 2720 680 2773 decernendis
700 2720 717 2774 i.
735 2736 758 2772 e.
776 2719 1034 2776 iniustitutiouibus
1050 2721 1185 2792 imperan-

131 2784 173 2839 dis
187 2785 338 2857 litibusque
352 2781 537 2839 diiudicandia.
550 2817 582 2828 -
610 2790 637 2838 e'n
653 2789 686 2838 iis
700 2787 778 2838 rebus
793 2813 825 2835 =
839 2786 866 2839 in
879 2786 911 2839 iis
926 2792 1014 2842 causis
1029 2805 1051 2841 s.
1064 2786 1182 2843 casibus.
1204 2843 1207 2852 „

132 2884 165 2896 -
180 2851 309 2904 sabtoltot.
317 2888 328 2913 ,
345 2850 494 2918 iuimicitias
509 2852 640 2907 occultae.
656 2884 689 2896 —
723 2870 783 2906 cum
799 2870 886 2920 magn.
902 2871 958 2905 msa
976 2856 1036 2906 laet.
1051 2855 1183 2923 Praepos-

83 2975 89 2984 .
132 2934 191 2969 cam
215 2916 274 2972 lul.
301 2916 411 2971 modum
428 2917 634 3037 rationemque,
660 2933 714 2990 qua
741 2918 792 2971 hoc
811 2917 913 2973 factum
935 2921 983 2985 sit,
1008 2919 1107 2973 indicat
1150 2921 1185 2973 V.

132 2983 239 3051 Zumpt.
256 2985 344 3052 §.472
361 3015 395 3025 -
417 2996 552 3053 susceptas
584 2986 689 3036 abemus
703 3009 735 3032 =
745 2984 918 3056 suscepimus
933 2989 968 3041 V.
977 2988 1086 3057 Zumpt.
1096 2990 1118 3055 §.
1126 2984 1184 3053 634.

37 3057 44 3066 ·
134 3078 166 3090 -
175 3048 302 3100 Paconius
315 3058 343 3101 ct
352 3052 489 3101 lbscembe
502 3065 592 3131 acque
603 3051 687 3124 ignoti
702 3059 806 3103 suutac
819 3060 931 3121 peccata
946 3051 1096 3117 eorum,ob
1132 3068 1183 3105 uae

133 3128 228 3166 severe
243 3113 354 3168 coerciti
375 3116 479 3168 Romae
504 3115 638 3237 {corutum
657 3117 794 3170 incusatae
813 3115 948 3171 videntur.
970 3149 1004 3160 -
1042 3135 1074 3168 ac
1126 3119 1183 3185 pedi.

136 3181 218 3257 llulg.
234 3177 343 3232 exhibet
358 3192 387 3231 ct
402 3181 486 3249 quiv‘.
536 3200 585 3238 am.
600 3183 653 3237 sed.
687 3184 749 3237 Nou
768 3197 834 3236 raro
851 3179 1061 3263 praecedentem
1079 3181 1184 3235 se‘nten·

75 3285 77 3288 -
134 3254 199 3298 tram
213 3253 356 3313 negantem
371 3245 496 3314 sequitur
512 3250 580 3314 alio,
603 3264 658 3318 qua
674 3249 842 3302 contrarium
858 3249 933 3304 rlliua
945 3250 1105 3321 profertur,
1121 3247 1184 3300 inci·

134 3309 213 3382 piena
232 3308 323 3362 verbis
339 3328 388 3371 ac,
409 3321 453 3369 et,
475 3327 529 3380 pro
547 3313 648 3383 quibus
666 3325 850 3384 exspectasses
865 3318 916 3370 sed.
951 3316 1007 3370 Cic.
1026 3329 1081 3386 pro
1100 3313 1183 3367 Rosc.

132 3377 274 3441 Amenda
297 3373 409 3429 »animo
429 3391 482 3425 aon
502 3376 676 3437 deficiam.et
689 3379 715 3431 id
755 3379 810 3433 uod
829 3381 954 3453 suscepi,
977 3376 1051 3453 quod
1088 3389 1182 3447 otero,
1232 3389 1236 3398 ’
1267 3405 1269 3412 1

154 3442 305 3497 erferam.a
337 3442 396 3513 lug.
412 3457 474 3510 ro7,
488 3441 514 3497 3.
546 3442 639 3494 vliibv'l
657 3443 722 3496 dolo
755 3456 862 3513 actum,
886 3466 919 3501 ac
933 3449 1019 3514 magia
1036 3396 1183 3500 caiiiditate

133 3459 312 3580 iugurthaea
328 3536 360 3549 -
392 3508 477 3577 Myrai·
487 3519 536 3560 aot
548 3508 669 3577 Phrygia.
690 3509 778 3587 Quam
794 3522 945 3566 contemtos
959 3511 1009 3566 hac
1021 3521 1114 3582 gentes
1126 3513 1184 3566 fue

133 3575 198 3642 rint,
215 3572 338 3651 viderer
353 3572 407 3627 Cic.
425 3589 478 3648 pro
498 3574 589 3628 Flace.
606 3590 651 3644 ny,
665 3574 706 3628 ts.
722 3609 756 3620 --
787 3579 948 3634 inhonestior.
964 3578 1048 3648 capell.
1062 3603 1094 3627 =
1113 3595 1182 3647 reru,

134 3640 178 3695 cui
193 3638 349 3710 turpissume
364 3638 529 3708 inhiaverat,
546 3657 629 3712 quam
641 3641 842 3712 concupiverat.

198 3720 261 3777 VII.
286 3728 313 3789 ς.
332 3737 394 3775 ao·
412 3724 607 3777 sustineremus.
638 3722 669 3774 In
694 3733 759 3776 vett.
781 3722 853 3778 editt.
871 3734 972 3778 exstat:
993 3726 1182 3782 sustinebimus.

135 3786 221 3842 Orell.
235 3788 398 3858 proposuit:
419 3790 629 3841 austtnuerr‘mus.
648 3821 677 3833 -
713 3790 867 3856 integretate
886 3793 970 3858 vitae,
985 3792 1132 3863 probitate.
1149 3822 1183 3835 -

135 3853 228 3920 dapem.
245 3872 275 3904 ea
289 3871 320 3905 ne
336 3870 394 3905 oar.
410 3855 506 3921 gratia
524 3879 557 3902 =
579 3851 726 3907 dummodo
746 3853 841 3908 cadem
857 3856 891 3909 sit
905 3856 932 3908 iu
948 3873 1056 3923 omues,
1078 3875 1128 3911 uec
1143 3856 1182 3910 oh

169 3918 247 3971 aliam
264 3917 338 3971 aliud
357 3919 410 3971 alio
427 3928 553 3990 tempore
569 3918 741 3976 decernatur.
776 3922 817 3973 De
837 3923 973 3975 dummodo
991 3943 1022 3975 ne
1040 3944 1064 3977 v.
1073 3926 1184 3992 Zumpt.

153 4025 158 4037 .
173 3986 231 4051 57²·
241 4016 272 4026 -
296 3985 477 4055 aequabiliter,
491 3995 661 4053 constanter,
675 3986 771 4040 eodem
786 4004 896 4059 semper
908 3988 999 4056 modo,
1030 3990 1181 4044 naviter.-

132 4060 236 4120 partem
249 4065 359 4106 concers.
392 4051 540 4105 Praetores
557 4052 584 4105 in
602 4053 746 4125 provinciis
763 4054 956 4124 quaestoribus
975 4007 1112 4130 etiegatis
1126 4053 1181 4107 suis

133 4112 280 4187 aliquando
293 4114 504 4173 iurisdictionem
516 4115 657 4174 mandasse
673 4130 749 4191 patet
765 4129 798 4174 cx
812 4122 938 4179 Verriuis
955 4140 966 4173 1
983 4131 1011 4175 at
1024 4124 1050 4186 d.
1064 4150 1094 4161 -·
1127 4136 1182 4171 aas·
