3009 5067
487 273 558 385 ιιι.
582 325 600 384 ι.
644 324 694 383 ιιι.
716 325 735 382 ι.
996 365 998 370 ,
1100 319 1156 392 o

69 563 71 568 -
124 525 127 530 ·
182 516 228 580 nt
255 497 342 579 enim
369 513 457 578 inter
486 509 548 573 hos
574 508 668 593 ipsos
695 507 845 573 existunt
871 525 999 593 graves
1021 511 1157 574 contro·
1192 516 1236 583 11,
1257 515 1290 580 7,

101 619 255 709 versiae,
276 618 403 685 multoe
423 614 606 680 naseuntur
626 608 785 700 iniuriae,
806 631 949 702 magnae
970 599 1157 682 contentio-

99 745 162 792 nes
183 724 441 809 consequuntur.
494 716 600 799 Quasi
621 734 702 783 vero
724 736 792 803 ego
812 716 847 782 id
868 723 999 803 putem,
1029 736 1106 785 non·
1123 724 1157 788 te

100 832 305 918 aliquantum
315 823 449 922 negotii
463 822 641 888 sustinere.
670 822 832 911 intelligo
846 842 1064 912 permagnum
1078 837 1158 894 esse

100 937 275 1024 negotium
300 936 335 998 et
355 931 484 996 maximi
505 929 659 1013 consitii‚
687 928 750 994 sed
772 934 935 997 memento
957 930 1086 996 consilii
1106 950 1158 998 me
1178 971 1203 1000 =.

102 1043 166 1110 hoe
187 1057 267 1106 csse
286 1038 457 1125 negotium
476 1037 588 1124 magis
609 1035 780 1122 eliquanto
804 1055 901 1122 quem
921 1036 1074 1107 fortunae
1094 1059 1158 1124 pu-

103 1153 189 1213 tare.
230 1144 314 1227 Quid
329 1149 383 1211 est
399 1145 486 1212 enim
499 1131 630 1231 negotii
645 1144 814 1209 continere
829 1162 905 1231 eos,
923 1145 1043 1230 quibus
1056 1163 1158 1230 prce·

104 1251 173 1336 sis‚
203 1250 233 1314 si
254 1254 288 1317 te
309 1250 382 1335 ipse
409 1240 614 1318 contineas?
665 1249 706 1315 ld
732 1254 842 1316 autem
868 1251 914 1315 sit
941 1269 1099 1341 magnum
1125 1255 1161 1317 et

15 1391 16 1434 1
102 1354 237 1421 difficile
259 1358 400 1444 ceteris,
423 1357 511 1423 sicut
532 1361 586 1423 est
607 1352 856 1422 difficillimume
878 1355 938 1421 tibi
959 1359 994 1419 et
1013 1355 1076 1420 suit
1096 1354 1159 1423 hoc
1198 1431 1200 1434 ¹

105 1479 238 1547 semper
264 1459 457 1531 facillimum
482 1466 517 1526 et
544 1479 625 1527 vero
651 1478 731 1528 esse
752 1461 886 1551 debuit3
918 1463 1011 1528 cuius
1039 1466 1161 1538 nature

102 1567 181 1633 tulis
196 1571 268 1650 est,
290 1571 327 1646 ut
347 1568 448 1633 etiem
468 1569 544 1636 sine
565 1567 715 1633 doctrina
729 1566 884 1633 videatur
897 1566 1067 1635 moderate
1081 1585 1161 1634 esse

99 1675 272 1763 potuisse:
294 1693 336 1740 co
356 1677 466 1739 cutem
487 1673 636 1744 adbibita
656 1674 808 1742 doctrine
828 1672 899 1762 est,
922 1692 1007 1759 quoe
1028 1671 1083 1738 vel
1104 1672 1160 1737 vi-

102 1781 316 1848 tiosissimam
337 1784 496 1864 naturum,
509 1780 665 1847 excolere
685 1782 804 1868 possit.
857 1782 908 1846 Tu
934 1801 1032 1867 quum
1052 1800 1159 1867 pecu÷

99 1890 201 1975 niae,
234 1905 331 1975 quum
358 1888 542 1975 voluptati,
572 1908 670 1975 quum
696 1890 838 1959 omnium
857 1907 968 1982 rerum
989 1888 1161 1973 cupiditati

100 1998 264 2083 resisteS,
286 2001 324 2061 ut
345 1992 472 2061 tocies:
505 1995 586 2082 erit,
608 1989 728 2081 credo,
749 1994 950 2082 periculum,
971 2014 1015 2062 ne
1035 1996 1160 2079 impio-

99 2102 177 2168 bum
196 2093 461 2189 negotiatorem,
483 2100 594 2183 paullo
616 2100 817 2186 cupidiorem
837 2101 1047 2186 publicanum
1068 2119 1160 2165 com·
1194 2148 1198 2154 .
1260 2157 1268 2172 ,

99 2210 243 2301 primere
270 2225 336 2269 non
364 2199 497 2287 possis!
546 2204 636 2267 Nam
663 2206 786 2270 Graeci
816 2206 946 2289 quidem
973 2207 1023 2271 sic
1052 2209 1086 2271 te
1112 2206 1161 2277 ito

100 2311 272 2380 viventem
287 2309 580 2428 iptuebuntur7<ut
600 2304 764 2394 quendem
784 2327 829 2376 ex
849 2309 1016 2376 annalium
1035 2329 1159 2378 memo-

101 2417 233 2506 ria‘out⁸
252 2416 353 2491 etiem
376 2414 418 2480 de
441 2416 534 2482 coelo
555 2417 703 2508 divinum
721 2415 887 2480 hominem
914 2431 993 2479 esse
1018 2414 1056 2482 in
1078 2433 1159 2499 pro-

15 2521 17 2596 ?
101 2522 245 2589 vinciam
267 2520 440 2607 delapsum
461 2526 590 2607 putent.
615 2563 617 2578 ι
643 2524 756 2609 Atque
784 2523 869 2588 haec
896 2540 1006 2609 nunc,
1037 2541 1104 2592 non
1126 2525 1162 2586 ut
1202 2514 1238 2581 8·
1286 2613 1288 2618 ,

100 2628 230 2714 fucino,
261 2626 325 2694 sed
352 2630 389 2692 ut
416 2630 451 2692 te
479 2615 592 2694 facere
620 2636 655 2694 et
682 2628 807 2696 fecisse
832 2628 1008 2715 gaudeas,
1040 2629 1159 2697 scribo.

99 2735 313 2803 Praeclarum
333 2739 387 2800 est
408 2734 494 2800 enim
515 2755 640 2804 summo
661 2755 733 2804 cum
746 2737 883 2823 imperio
899 2735 1008 2805 fuisse
1024 2738 1059 2803 in
1074 2739 1161 2805 Asia

101 2898 190 2949 nostri
200 2896 300 2950 consol.
316 2893 393 2962 benef
411 2898 633 2951 Foenorotorurn
648 2897 718 2950 enim
731 2885 990 3017 negotietorumpue
1005 2896 1084 2951 bonis
1098 2913 1159 2950 cou-
1189 2916 1191 2919 ’

102 2963 185 3018 iurati
203 2960 334 3015 Catilinae
356 2962 507 3032 praecipue
524 2963 672 3017 inhiabant.
707 2963 749 3017 ef,
768 2962 802 3014 ad
818 2964 879 3016 Diu.
895 2965 926 3029 5,
964 3004 972 3032 ‚
996 2963 1045 3016 nbi
1061 2962 1160 3016 Cicero

100 3026 135 3080 de
151 3044 190 3096 ee,
206 3030 253 3097 quo·
266 3046 297 3077 er
311 3028 452 3088 obsidione,
468 3028 565 3100 inquit,
572 3027 760 3097 foeneratores
776 3033 911 3091 exemerit,
927 3049 964 3085 sc.
980 3046 1064 3082 novos
1081 3027 1161 3081 tabu·

102 3095 143 3146 las
157 3090 343 3163 hnpcdieni103
362 3092 395 3144 de
410 3100 453 3146 off.
469 3110 498 3160 ι,
512 3099 559 3161 24:
576 3096 715 3166 Nunquam
729 3096 901 3146 vehementius
913 3110 1002 3148 aetum
1015 3107 1066 3155 cot,
1081 3112 1159 3163 quam

103 3157 278 3223 mecoenate,
296 3174 326 3207 ne
341 3160 488 3209 solveretur·
495 3179 508 3222 7·
524 3164 607 3212 ermr'r
621 3173 646 3211 et
662 3163 759 3222 caetris
776 3172 881 3213 tentata
894 3179 938 3213 res
953 3174 1001 3215 est.
1039 3158 1110 3214 uino
1124 3156 1159 3209 ad

103 3226 161 3278 Ate.
179 3239 209 3287 ι,
226 3240 255 3287 ι,
276 3239 302 3271 ιι
322 3223 448 3274 oz'ndioem
463 3227 532 3275 aerz'r
549 3227 630 3277 alieni
645 3242 674 3279 ec
694 3236 781 3279 vocat.
1106 3265 1111 3272 ·
1156 3263 1160 3292 2
1230 3286 1234 3292 ,

169 3288 203 3341 11.
219 3285 242 3365 §.
259 3305 283 3365 7:
317 3292 354 3363 ᾼι
368 3289 434 3336 enain
447 3313 479 3336 =
491 3301 536 3349 ae,
551 3290 649 3344 dixerit
662 3294 729 3343 enim
745 3292 856 3362 aliquis3
873 3292 1009 3355 formula,
1026 3305 1082 3361 qua
1097 3287 1159 3339 alio·

104 3371 168 3409 rum
183 3352 382 3406 obiectionibus
398 3354 563 3407 occurritur.
577 3376 614 3408 -v.
626 3356 704 3410 Ruitz
718 3356 752 3409 ad
765 3357 907 3411 SelleCat.
919 3358 947 3411 51
959 3398 967 3423 ‚
981 3359 1020 3412 25.
1035 3388 1067 3399 -
1089 3367 1164 3407 'core-

103 3423 241 3481 tentdmes,
257 3435 273 3470 a
287 3415 443 3489 provinciae
461 3418 586 3489 praeside
602 3420 802 3491 disceptandae.
820 3456 859 3478 -,
884 3426 913 3474 id
925 3435 1023 3491 putent.
1050 3421 1161 3473 Ernest.

105 3487 135 3538 id
148 3501 382 3555 supervacaneum
421 3484 533 3553 utebat3
552 3502 713 3557 perperam,
730 3505 817 3558 quum
834 3506 984 3557 pronomm.
1001 3488 1069 3548 doc,
1083 3486 1161 3547 illud,

105 3552 134 3604 r'd
153 3551 261 3623 saepius
281 3551 319 3604 sic
338 3503 538 3617 adhiieanmr,
568 3562 597 3607 ut
620 3569 679 3633 seq.
698 3569 752 3606 ecc.
773 3572 796 3606 c.
817 3552 864 3607 inf.
883 3554 967 3625 mugio
990 3550 1161 3606 advertatur.

105 3638 132 3672 v.
141 3619 255 3687 Zumpt«
269 3614 291 3685 §
304 3616 361 3683 748.
380 3649 413 3660 -
444 3619 471 3667 si
483 3629 508 3668 te
522 3621 576 3686 ipse
594 3631 691 3673 conten.
725 3619 844 3689 »Neque
863 3619 973 3685 enirn«,
990 3628 1022 3671 ut
1037 3618 1091 3672 Cic.
1107 3634 1160 3687 pro

105 3684 253 3757 lege-Man.
272 3682 317 3750 13,
332 3682 366 3736 38
380 3691 432 3749 att,
457 3693 571 3753 »potent
588 3684 738 3738 exercitum
754 3684 777 3737 is
791 3685 947 3751 continere,
965 3683 1014 3755 qni
1027 3700 1056 3738 se
1071 3684 1160 3756 ipspm

106 3765 162 3804 nou
178 3749 327 3805 continete
342 3783 375 3793 -
409 3754 471 3809 erit,
487 3750 576 3812 credo,
588 3752 750 3819 periculum,
766 3768 805 3803 ne.
843 3748 970 3805 Verbum
985 3752 1061 3802 credo
1077 3752 1159 3804 inter·

106 3813 225 3886 potitum
242 3814 346 3869 ironiae
362 3814 482 3869 inservit.
519 3836 542 3867 v.
559 3817 666 3887 Zumpt.
688 3814 711 3883 t.
725 3834 784 3887 777.
818 3815 921 3870 Sensus
938 3815 1037 3889 igiturr
1060 3818 1161 3887 Neque·

104 3897 185 3951 quam
202 3883 357 3942 verendum,
379 3900 419 3933 ne.
437 3914 470 3924 -
514 3882 626 3944 Graeci,
648 3882 713 3937 socii
731 3882 833 3936 Asiani.
853 3913 886 3929 ·-
925 3884 1064 3950 relannul.
1087 3900 1161 3932 mene.

107 3946 205 4015 quoles
220 3944 298 3999 suere
313 3945 462 4014 driuides,
480 3945 695 4016 Epaminondae,
716 3948 845 4001 Phocion.
863 3982 893 3991 -
935 3948 966 3999 de
983 3949 1055 4000 coelo
1075 3963 1102 4004 ;.
1120 3947 1160 3998 de-

15 4063 16 4068 ,
106 4013 221 4081 lapsum,
238 4020 268 4063 nt
282 4013 374 4075 heroe.
391 4011 523 4086 enguleri
533 4016 657 4066 Deorum
672 4013 806 4080 beneficio
823 4033 854 4068 ae
869 4014 964 4070 favore
980 4014 1082 4067 datum.
1117 4008 1161 4062 ef.

15 4109 16 4138 ι
105 4074 221 4150 Ruperti
239 4075 273 4128 ad
289 4077 346 4132 Iuv.
366 4090 416 4134 tat.
430 4097 461 4147 ι,
472 4082 521 4146 do:
544 4082 640 4132 teredio
655 4100 667 4131 e
682 4081 754 4135 coelo
771 4080 862 4135 cecidit
877 4083 950 4135 Ceto.

15 4149 17 4284 i

169 4141 194 4210 t.
209 4141 235 4198 8.
269 4146 504 4214 concorporat:
529 4161 633 4200 summe
655 4163 716 4201 cum
740 4156 876 4226 potestate
898 4145 970 4200 civili
989 4154 1016 4197 ot
1037 4127 1195 4208 militari]
