3009 5067
325 290 369 360 18
446 296 502 355 -lt
524 295 554 355 Τ.
576 294 759 357 CICERONIS
780 289 930 358 aristot.
953 297 1000 358 ab
1021 299 1051 369 0.
1074 295 1239 360 Fllh'lllllll
1270 381 1271 388 ἵ

127 491 222 559 vm,
235 489 293 559 23,
406 477 518 567 Cyrus
546 478 604 547 ille
631 478 901 566 aXenophonte
928 493 995 546 non
1021 480 1064 547 ad
1086 481 1254 548 historiae
1282 481 1392 548 tidem
1482 531 1483 566 ,

235 656 239 662 ,
325 587 493 676 scriptus,
524 586 585 652 sed
614 585 657 655 ad
683 585 833 673 effigiem
860 588 939 654 iusti
957 588 1108 677 imperii,
1140 589 1232 654 onius
1254 607 1392 655 summa

323 694 481 783 gravitas
501 690 543 758 ab
558 692 618 758 illo
634 691 835 779 philosopho
851 709 925 757 eum
939 692 1105 781 singulari
1121 694 1278 760 comitate
1296 713 1393 761 eon·

324 800 492 890 iungitur:
513 831 555 848 ·-
576 816 661 885 quos
680 798 812 885 quidem
832 796 935 863 libros
956 816 1024 863 non
1045 799 1120 864 sine
1140 817 1246 866 eausa
1265 803 1393 866 noster

323 910 382 976 ille
402 906 584 974 Africanus
604 904 647 971 de
668 904 819 970 manibus
839 922 967 990 ponere
986 923 1055 970 non
1076 898 1229 972 solebat:
1256 905 1392 973 nullum
1482 973 1483 976 ,

324 1020 381 1083 est
416 1016 502 1081 enirn
524 1010 797 1100 praetermissum
823 1009 860 1076 in
886 1010 927 1074 iis
959 1005 1103 1076 olfioium
1134 1010 1310 1099 diligentis
1349 1018 1392 1078 et
1482 1099 1483 1102 Ἴ

326 1121 489 1188 moderati
509 1119 657 1206 imperiis
679 1149 720 1165 -·
742 1134 865 1203 eaque,
886 1116 917 1180 si
937 1116 988 1182 sio
1009 1115 1113 1181 ooluit
1132 1115 1209 1205 ille,
1232 1119 1288 1204 qui
1307 1119 1389 1204 pri·-
1482 1111 1483 1152 ³

323 1230 426 1293 vatus
452 1223 583 1288 iuturus
603 1240 771 1311 nunqnam
796 1221 881 1287 fuit:
912 1240 1053 1308 quonam
1080 1221 1178 1288 molo
1205 1224 1390 1292 retinenda

326 1334 408 1398 sunt
436 1330 496 1418 iis,
531 1328 650 1416 quibus
677 1327 848 1415 amperium
875 1328 923 1398 ita
950 1326 1063 1395 datum
1091 1333 1163 1417 est,
1192 1333 1230 1395 ut
1254 1330 1394 1397 reddo-=

327 1441 426 1526 rent,
454 1442 490 1504 et
509 1436 552 1502 ab
572 1436 615 1503 iis
635 1434 771 1523 legibus
793 1432 905 1500 datum
926 1437 1001 1522 est,
1031 1435 1074 1502 ad
1096 1433 1179 1525 quas
1204 1443 1387 1505 reverten-

276 1599 286 1619 .
328 1545 405 1613 dum
432 1535 518 1611 est‘d
568 1548 622 1612 Aa
646 1544 725 1611 mihi
754 1541 884 1629 quidem
911 1540 1070 1609 violentur
1089 1543 1153 1612 huo
1174 1546 1284 1626 omnio
1304 1559 1390 1613 esse

328 1649 510 1720 referenda
535 1651 600 1739 iis,
633 1651 688 1738 qni
706 1651 871 1737 praesunt
890 1647 989 1737 aliis,
1022 1654 1060 1716 nt
1079 1651 1124 1739 ii,
1157 1652 1212 1738 qui
1232 1643 1331 1718 esurit
1350 1651 1389 1718 in

328 1775 442 1825 eorum
459 1755 617 1841 imperio,
637 1749 707 1820 sirit
723 1769 822 1840 quarn
836 1752 1038 1823 beatissimis
1060 1757 1148 1844 quod
1170 1756 1230 1823 tibi
1250 1762 1286 1832 et
1305 1774 1389 1823 esse

328 1862 592 1947 antiquissimum
620 1857 726 1954 stab
754 1860 859 1926 initio
877 1861 1005 1951 inisse,
1036 1867 1075 1929 ut
1099 1864 1239 1950 primum
1268 1863 1388 1930 Asiam

235 1963 240 1966 ’
329 1969 493 2057 attigisti,
521 1969 699 2033 constante
718 1965 810 2032 fama
830 1970 932 2053 atque
953 1970 1094 2036 omnium
1114 1985 1269 2037 sermone
1291 1968 1387 2042 eele-

330 2074 462 2165 bratum
483 2076 546 2138 est.
597 2071 664 2137 Est
683 2075 794 2138 autem
814 2090 882 2139 non
903 2074 1001 2142 modo
1022 2077 1116 2165 eius,
1146 2077 1202 2163 qui
1227 2075 1329 2143 sociis
1350 2078 1389 2140 et

332 2181 482 2266 eivibus,
505 2177 566 2245 sed
587 2178 687 2245 etism
708 2179 801 2266 eius,
822 2181 876 2265 qui
897 2183 1029 2269 servis,
1051 2185 1105 2271 qui
1125 2184 1224 2249 mutis
1245 2179 1387 2269 pecudi-

333 2286 395 2353 bus
415 2284 562 2373 praesit,
590 2303 722 2373 eorum,
749 2288 868 2375 quibus
888 2281 1036 2372 praesit,
1058 2285 1238 2350 commodis
1260 2285 1389 2350 utilita-

397 2453 476 2510 vul.
500 2461 527 2522 s.
544 2452 585 2508 ad.
619 2453 703 2525 Cyrus
719 2453 764 2507 s'lle
850 2474 944 2529 saque,
961 2458 987 2507 sl
1001 2457 1040 2508 aio
1053 2454 1202 2509 oolas'ts’lla.
1237 2455 1389 2509 Ἀνακὸλου-

332 2524 378 2577 Sos
391 2517 584 2599 huietperioda
600 2519 688 2575 inesse
701 2522 780 2575 facile
792 2520 874 2577 vides.
918 2522 997 2600 Quae
1013 2529 1044 2599 ut
1057 2530 1247 2598 amoveretur,
1271 2521 1386 2575 Ursinus

333 2594 699 2707 raptatamtitttt
713 2586 1389 2722 illitallttttttt‘tttttt‘tatfflltt·

335 2721 424 2788 Gyras
442 2756 489 2773 ...
510 2718 557 2768 sed
572 2719 599 2769 si
611 2719 674 2773 hose
690 2718 773 2787 offier'a
788 2724 826 2773 sie
839 2721 921 2773 coluit
938 2719 982 2770 ille
1002 2715 1174 2783 emendaret,
1191 2716 1239 2770 ubi
1253 2729 1325 2797 part.
1339 2719 1386 2769 aad

335 2799 388 2856 per
407 2781 580 2862 epanalepsin
595 2800 617 2838 s.
631 2788 825 2855 repetitionem,
844 2784 971 2840 Ciceroni
988 2783 1051 2837 satis
1067 2782 1208 2848 usitatam,
1224 2800 1268 2834 eur
1282 2785 1385 2855 figuras

336 2848 401 2904 alibi
417 2850 519 2914 agitur,
542 2852 599 2904 dieo
617 2860 670 2905 eet.
692 2851 858 2915 inserviunt,
877 2848 911 2904 ad
931 2848 1085 2921 primariam
1101 2848 1261 2901 sententiam
1278 2848 1388 2905 lectoria

336 2914 454 2970 animum
468 2926 588 2973 revocat.
621 2919 821 2971 Verumtamen
841 2926 1011 2971 structuram
1023 2914 1212 2967 anacolutharn
1225 2913 1278 2967 illia
1298 2929 1386 2966 emen·

336 2979 491 3034 dationibus
505 2986 641 3052 potiorem
655 2996 730 3050 esse,
744 2982 844 3037 merito
861 2983 941 3036 nobis
956 2979 1076 3034 iudicare
1095 2979 1203 3034 videtur
1215 2978 1302 3035 Orell.
1326 2980 1386 3033 lloo

337 3044 558 3117 auantapodoton
579 3048 637 3101 eius
658 3049 765 3120 generis
787 3059 844 3117 est,
868 3059 899 3102 ut
917 3051 945 3102 in
962 3046 1120 3101 continuata
1140 3045 1272 3100 sententia
1290 3060 1386 3117 paren·

231 3121 234 3126 '
336 3112 445 3168 theseos
460 3114 556 3187 magis,
573 3130 655 3185 quam
672 3113 739 3166 initii
754 3113 861 3185 periodi
877 3113 947 3168 ratio
963 3112 1111 3178 habeatur,
1129 3110 1247 3184 indeque
1268 3129 1293 3164 v.
1309 3128 1386 3181 eaque

337 3196 392 3234 non
407 3177 441 3233 ad
493 3181 579 3232 avitas
598 3188 625 3232 et
641 3181 769 3241 consitas,
786 3180 836 3234 sed
857 3178 891 3234 ad
907 3179 1031 3247 officium,
1052 3178 1129 3251 quod
1144 3178 1258 3250 propius
1275 3187 1328 3244 est,
1351 3176 1386 3231 sit

337 3245 449 3301 referem
470 3263 570 3300 um.-
601 3262 653 3307 nos
668 3245 705 3295 ad
717 3246 875 3315 hiatfidem.
906 3246 995 3301 Multa
1010 3244 1081 3298 enim
1096 3243 1130 3298 de
1146 3261 1179 3298 eo
1195 3246 1230 3297 ab
1244 3241 1384 3297 Herodoto

336 3313 417 3367 aliter
431 3328 514 3393 quam
528 3326 544 3363 a
557 3309 737 3379 Xenophonte
749 3324 910 3380 narrantur,
925 3326 1018 3383 neque
1031 3322 1063 3365 ut
1076 3311 1231 3430 exemplum
1245 3308 1385 3381 perfeetio-

337 3376 379 3433 nis
395 3393 485 3450 regraa
502 3377 536 3429 ab
553 3376 601 3430 illa
618 3376 832 3435 describitur.-
857 3382 1015 3447 Africanus)
1030 3376 1154 3448 Scipion
1168 3377 1277 3431 ricanua
1294 3374 1386 3444 minor,

338 3444 370 3497 L.
385 3441 491 3498 Aemilii
503 3442 581 3496 Pauli
594 3441 719 3497 filius—
752 3446 893 3509 moderati,
904 3456 947 3499 est
960 3441 1036 3514 quod
1052 3461 1102 3497 nos
1116 3443 1229 3497 dicimus
1243 3445 1385 3499 besonnen.

339 3508 376 3561 V.
390 3510 455 3564 Tae.
476 3512 544 3581 Agr.
559 3510 584 3563 5.
610 3509 721 3577 dib'gens
738 3529 770 3564 ue
784 3512 934 3565 moderatos
949 3510 1012 3562 dua.
1048 3509 1091 3562 Cf.
1112 3509 1227 3570 Diderl.
1246 3524 1383 3577 synonym.

339 3573 372 3628 P.
385 3590 408 3628 a.
447 3592 527 3644 .nop.
541 3607 574 3619 -
613 3593 692 3647 sapas
706 3592 743 3631 se.
761 3578 850 3631 officia
870 3574 1004 3647 diligentis
1023 3583 1051 3627 et
1070 3573 1204 3629 moderati
1224 3572 1340 3643 imperii.
1351 3603 1383 3618 -·-

337 3596 472 3710 prabjhst.
489 3659 638 3713 nunquam,
655 3641 757 3714 quippe
771 3660 834 3709 rex,
850 3660 905 3695 non
918 3650 950 3693 ut
964 3637 1110 3694 incivitate
1125 3641 1213 3694 libera
1230 3640 1383 3708 magistratu

339 3719 370 3760 ae
384 3704 570 3762 abdicaturus.
585 3740 619 3751 -
646 3711 685 3761 ito
701 3710 805 3771 dotum,
816 3707 943 3762 nimirum
958 3703 993 3758 ad
1008 3713 1123 3777 tempus.
1136 3738 1169 3750 --
1198 3716 1230 3756 ut
1243 3707 1383 3761 redderent.

341 3768 458 3827 Gesner·
473 3773 603 3830 coniecit:
624 3786 655 3827 ut
670 3776 789 3828 reddant.

409 3871 435 3932 s.
462 3871 501 3933 sl.
542 3871 569 3919 in
588 3886 678 3921 eorum
692 3869 772 3937 imp„
798 3882 871 3939 quae
893 3865 981 3921 minus
1003 3876 1080 3938 grata
1099 3864 1213 3918 auribus
1234 3864 1338 3934 accidit.
1354 3897 1384 3911 -

342 3933 551 4014 untr'pnabsz'mam
564 3957 597 3982 =
607 3932 720 3986 maxime
733 3932 783 3986 tibi
797 3932 884 3999 cordi,
898 3950 1033 3986 summum
1046 3943 1123 3986 tuum
1139 3931 1267 3986 studium.
1283 3967 1316 3977 -
1345 3933 1388 4011 psi

342 4009 424 4050 motor
444 3999 584 4067 pecudibus
601 4002 704 4068 praesit
724 4007 776 4051 oet.
814 4000 901 4051 Totus
919 3998 999 4052 huius
1021 3997 1169 4052 sententiaa
1190 3999 1269 4051 color
1287 4007 1383 4069 argon,
1482 4011 1483 4022 ¹

343 4063 417 4117 illam
434 4080 450 4116 a
463 4065 655 4135 Xenophonte,
670 4064 747 4118 euius
762 4063 790 4116 in
804 4064 1025 4118 memorabilibus
1062 4079 1125 4116 uam
1138 4064 1287 4119 simillimae
1299 4064 1325 4116 la
1343 4081 1385 4116 un·

345 4136 402 4194 tur,
416 4146 476 4183 esse
487 4128 643 4183 desumtam.
666 4129 711 4183 Cf.
723 4130 874 4185 memorab.
891 4148 914 4198 ι,
926 4080 1068 4199 ι,ὃπ.οοῦ.
1085 4130 1155 4187 Plat.
1163 4147 1223 4202 rap.
1233 4150 1254 4189 ι.
1265 4153 1290 4203 p.
1298 4080 1350 4195 dih
1358 4129 1384 4186 b.
1482 4199 1483 4214 χ
