3009 5067
283 331 359 400 *iv
641 293 1007 416 ¹nrturqrnnro.
1098 301 1101 322 ¹

308 544 482 622 molarum
500 544 704 645 exemplum
722 544 965 644 proposuerit.
1017 539 1126 635 Quod
1150 563 1256 638 quum
1278 563 1363 622 oru-

309 670 396 743 uino
420 665 470 743 de
496 665 687 745 Ciceronis
711 664 879 766 epistolii
901 662 1022 757 valet,
1046 671 1120 739 tum
1140 667 1295 740 maxime
1314 660 1363 739 de
1465 711 1468 715 -

309 790 616 890 praestantissima
636 785 698 861 illa
722 789 836 886 priua
856 785 905 859 ad
927 787 1096 879 Quintum
1117 785 1266 863 fratrem
1291 785 1363 861 dici

309 917 451 1012 potest,
469 933 540 1011 qua
553 914 727 988 rationem
742 912 956 1008 provinciae
977 907 1163 1009 regendae
1177 895 1262 988 huic
1274 934 1364 1011 pro-

308 1038 385 1114 lixo
404 1031 658 1122 demonstraus
675 1037 813 1110 tantum
832 1029 1008 1132 omnium}
1033 1051 1126 1131 quae
1150 1030 1199 1107 ad
1218 1036 1271 1109 rei
1292 1057 1362 1132 pn-

145 1153 166 1264 ἰ
308 1158 430 1236 blicaa
443 1154 787 1261 administrationem
804 1157 991 1253 spectant,
1008 1174 1126 1228 rerum
1140 1174 1183 1227 se
1200 1158 1362 1229 tenuisse

308 1303 408 1357 rusum
427 1275 578 1379 probat,
601 1282 777 1373 tantaque
797 1279 1053 1373 sententiarum
1068 1279 1258 1374 <gravitas
1281 1275 1362 1382 elue

247 1443 249 1446 ·
309 1407 387 1497 cet,
403 1411 446 1478 ut
462 1398 625 1483 omnibus
643 1402 829 1476 civitatum
844 1397 1048 1476 rectoribus
1064 1401 1362 1499 sapientissimam
1460 1471 1462 1474 .

308 1523 534 1625 gubernandi
552 1545 708 1601 normam
725 1542 813 1598 cunr.
823 1518 1022 1598 tradidisse
1040 1541 1113 1594 nuo
1130 1542 1195 1596 oro
1213 1518 1361 1620 praedi·

309 1654 405 1728 stnt·
466 1647 601 1748 Neque
627 1639 863 1732 minnslmcc
887 1642 1043 1744 epistola
1071 1645 1204 1719 eximia
1226 1665 1362 1718 morum

305 1777 508 1872 praecepta
528 1773 860 1868 sanctissimamque
879 1762 1070 1844 Ciceronis
1088 1769 1125 1840 in
1143 1789 1223 1856 euru
1242 1789 1362 1866 popu-

207 1895 211 1903 '
306 1895 397 1990 luni,
434 1897 493 1970 cui
515 1894 740 1994 praeclaram
769 1894 904 1993 ingenii
930 1893 986 1966 sni
1020 1889 1196 1968 culturam
1227 1909 1363 1989 accep·

307 2025 380 2106 tam
402 2014 607 2110 referebat,
638 2019 828 2117 pietatem,
859 2022 995 2110 tantam
1016 2036 1126 2114 porro
1147 2037 1265 2092 rerum
1290 2012 1361 2090 ho-

302 2139 505 2238 auumque
528 2136 840 2248 diiudicandorum
862 2142 1027 2239 peritiam
1055 2136 1247 2232 ostendit,
1268 2146 1361 2213 taru-

133 2271 138 2278 '
183 2257 186 2262 ’
305 2279 377 2360 qne
398 2260 583 2340 luculenta
608 2265 774 2338 oratione
800 2263 937 2358 scripta
963 2267 1040 2350 est,
1072 2268 1122 2333 ut.
1135 2264 1193 2332 sui
1214 2263 1361 2356 generis

305 2384 495 2483 exemplar
514 2404 555 2460 re
576 2405 668 2459 vora
690 2384 805 2480 possit
831 2382 1048 2457 existimari,
1088 2379 1256 2481 Denique
1269 2404 1361 2458 ,eam

149 2512 151 2517 ’
303 2512 473 2604 tanquam
498 2504 889 2606 mouumentumanimi
913 2524 1005 2580 vere
1026 2501 1178 2602 fraterni
1204 2501 1360 2580 admira·

304 2650 400 2721 mur,
422 2628 555 2725 quippe
572 2630 610 2698 in
627 2649 697 2740 qua
714 2622 938 2702 dilectissimi
949 2624 1081 2718 -frttris
1098 2631 1154 2703 sui
1173 2630 1264 2705 vit-ia
1277 2629 1359 2706 ‘vir-
1451 2651 1455 2658 ’

304 2746 459 2840 tutibus,
486 2746 616 2845 quibus
637 2746 834 2842 excelluit,
868 2772 1102 2851 compensare
1129 2754 1358 2849 minuensque

230 2897 234 2904 ’
304 2869 480 2950 studeret.
530 2872 715 2971 Reliquae¹
728 2881 852 2962 autem
873 2873 992 2962 Marci
1016 2873 1066 2949 ad
1088 2875 1256 2967 Quintum
1281 2871 1359 2949 fra·

164 2992 170 3002 '
287 3001 395 3090 „trern
424 2996 604 3095 epistolae
631 2998 683 3069 ita
708 3004 793 3076 suut
817 3006 1073 3098 comparatae,
1106 3004 1146 3072 nt
1174 2997 1252 3072 fieri
1285 3019 1359 3072 nou

302 3120 423 3219 possit
448 3122 748 3218 quinerectioris
768 3123 874 3195 animi
895 3124 1047 3197 iuvenes
1060 3127 1118 3198 'ex
1138 3145 1261 3199 earum
1279 3121 1358 3200 lec·

302 3244 413 3342 tione
424 3264 588 3341 magnam
607 3265 680 3317 non
697 3242 814 3318 solum
833 3244 1041 3339 utilitatem,
1067 3242 1137 3321 sed
1160 3250 1267 3320 etiam
1287 3267 1359 3321 vo-

303 3369 476 3464 luptatem
495 3367 651 3465 capiant.
694 3366 785 3458 Quis
802 3371 893 3444 enim
912 3378 985 3464 est,
1000 3390 1104 3466 quern
1122 3391 1240 3446 rerum
1259 3366 1356 3438 iniis

305 3495 525 3564 rimaturum
544 3484 704 3564 dilucida
726 3492 858 3584 series,
883 3494 1028 3578 sincera
1041 3495 1085 3564 'et
1101 3511 1124 3561 a
1141 3485 1228 3564 fuco
1246 3484 1359 3559 falla·

12 3651 15 3658 =
124 3663 127 3677 ·
262 3631 276 3648 '
304 3611 439 3706 ciisque
459 3611 695 3686 remotissima
715 3608 840 3690 fratris
865 3634 944 3686 cum
964 3607 1080 3685 fratre
1104 3608 1287 3703 colloquia
1307 3603 1366 3683 de.

256 3769 261 3774 ·
303 3733 356 3806 rei
377 3731 545 3831 publicae
566 3730 794 3828 conditione,
820 3729 1000 3812 derebus
1023 3732 1208 3823 utriusque
1229 3729 1356 3825 priva·
1481 3729 1504 3743 '‘

236 3915 240 3924 .
304 3855 370 3948 tis,
395 3875 467 3928 non
487 3854 724 3934 vehementer
745 3861 916 3932 moveant
941 3859 980 3926 et
1007 3845 1225 3926 delectent?
1273 3847 1357 3923 Ne-
1503 3935 1504 3940 i

303 4001 374 4077 que
392 3999 483 4052 vero
505 3977 543 4050 in
561 3976 628 4053 lras
647 3979 824 4088 epistolas
842 3973 977 4052 cadunt
995 3979 1153 4050 virorum
1169 3968 1357 4046 doctorum

305 4099 569 4194 dubitationes,
605 4100 651 4178 ob
676 4126 766 4202 quas
786 4098 975 4178 Ciceronis
1002 4085 1178 4198 spirulas
1209 4090 1357 4174 adoles·
1421 4103 1424 4112 ‘
