3009 5067
331 292 384 363 Β
471 298 508 359 tl.
528 297 559 359 Τ.
581 296 766 360 CICERONIS
786 298 939 360 ariston.
959 299 1008 359 AD
1029 298 1062 371 0.
1081 298 1247 360 FRATREM

234 469 294 540 41.
334 482 510 568 quisquam
530 481 639 568 possit
656 479 759 546 ullam
776 478 1035 567 reprehendere.
1075 482 1128 546 Ac
1147 479 1214 545 iam
1234 477 1298 545 hoc
1318 478 1396 546 loco

332 609 400 656 uun
420 587 612 655 hortatione
630 604 743 673 neque
763 587 976 672 praeceptis,
1008 584 1071 654 sed
1098 586 1254 673 precihus
1283 591 1397 653 tecum

332 694 492 762 fraternus
512 711 604 780 ago,
625 696 730 759 totum
749 695 788 757 ut
807 692 969 780 animum,
998 711 1112 759 curam
1131 694 1395 781 cogitationem·

333 818 397 888 que
418 804 508 866 tuam
529 817 637 886 ponas
657 798 692 864 io
715 799 857 870 omnium
884 798 985 865 laude
1013 799 1159 886 undique
1186 799 1394 887 colligenda.

334 903 432 990 Quod
457 906 548 973 siin
574 904 733 974 mediocri
758 908 850 970 statu
877 901 1043 971 sermonis
1070 924 1111 972 ac
1132 906 1394 993 praedicationis

332 1016 472 1080 nocuae
491 1029 549 1078 res
569 1016 705 1099 essent,
725 1010 808 1077 nihil
828 1009 889 1077 ahs
904 1015 940 1076 te
958 1011 1132 1102 eximium,
1154 1012 1237 1078 nihil
1252 1014 1394 1099 praeter

332 1116 474 1186 eliorum
490 1115 767 1183 consuetudinem
781 1114 1017 1203 postularetur.
1057 1116 1159 1183 Nunc
1179 1135 1262 1185 vero
1284 1122 1395 1205 prop-

334 1227 387 1291 ter
407 1240 518 1289 earum
537 1239 667 1311 rerum,
688 1213 864 1308 inquibus
878 1224 1008 1290 versati
1022 1241 1155 1312 sumus,
1176 1219 1400 1309 splendorem

333 1333 369 1398 et
394 1326 682 1416 magnitudinem,
713 1328 779 1393 nisi
806 1345 963 1395 summam
990 1328 1122 1395 laudem
1150 1346 1195 1396 ex
1219 1329 1287 1394 ista
1307 1349 1396 1415 puo-

332 1434 444 1504 vincia
468 1435 699 1524 assequimur,
730 1435 792 1501 vix
818 1433 969 1506 viduor
988 1455 1147 1502 summam
1167 1436 1394 1521 vituperatio·

331 1558 408 1607 nem
428 1558 532 1629 posse
550 1541 671 1609 vitare.
711 1542 766 1609 Ea
786 1547 904 1610 nostra
918 1541 1007 1608 ratio
1027 1544 1099 1629 cst,
1121 1544 1159 1606 ut
1177 1559 1293 1607 omnes
1312 1543 1395 1608 honi

333 1664 432 1733 quum
458 1645 615 1740 faveant,
647 1652 717 1714 tum
745 1650 844 1716 etiam
874 1667 1004 1716 omnem
1024 1668 1046 1716 a
1065 1647 1162 1714 nobis
1184 1646 1396 1734 diligentiam

245 1803 247 1806 -
335 1753 559 1840 virtutemque
580 1758 616 1820 et
635 1755 810 1840 postulent
829 1759 865 1821 et
885 1758 1106 1842 exspectent,
1140 1771 1256 1821 omnes
1281 1760 1394 1820 autern

333 1857 492 1947 improbi,
513 1858 602 1947 qnod
623 1879 697 1926 cum
716 1861 760 1926 iis
776 1859 899 1927 bellum
911 1860 1150 1947 sempiternum
1168 1860 1391 1947 suscepimus,

333 1963 391 2032 vel
417 1965 551 2034 mium
576 1984 615 2033 re
639 1964 684 2033 ad
712 1946 1025 2053 reprehendendum
1052 1965 1204 2031 contenti
1230 1983 1310 2031 esse
1335 1965 1393 2031 vi·

229 2078 290 2149 42.
332 2071 485 2141 deantur.
541 2072 673 2162 Quare,
706 2072 862 2161 quoniam
889 2072 1054 2140 eiusmodi
1082 2072 1248 2140 theatrum
1275 2062 1309 2167 †
1336 2076 1394 2156 est

334 2178 456 2263 totius,
477 2177 675 2248 celebritate
693 2175 970 2267 refertissimum,
999 2177 1231 2267 magnitudine
1251 2175 1403 2268 amplis-¹

333 2285 473 2375 simum,
499 2283 621 2352 iudicio
642 2282 921 2368 eruditissimum,
948 2288 1071 2349 natura
1091 2283 1271 2350 antemita
1290 2285 1392 2348 reso-4

306 2383 312 2394 ’
333 2411 438 2481 nans,
471 2397 634 2478 utusque
655 2392 795 2458 Romam
815 2387 1084 2477 significationes
1108 2407 1275 2476 vocesque
1295 2390 1392 2459 refe·-

332 2500 470 2564 rantur:
503 2493 692 2581 contende,
721 2511 868 2581 quaeso,
895 2497 997 2581 atque
1017 2494 1174 2582 elabora,
1202 2514 1270 2561 non
1292 2495 1393 2563 modo

330 2603 371 2665 „ut
399 2598 453 2664 his
480 2596 581 2663 rebus
609 2598 735 2686 dignus
755 2598 885 2687 fuisse,
917 2600 977 2667 sed
1007 2602 1107 2672 etiam
1134 2607 1171 2669 ut
1197 2603 1257 2669 illa
1283 2605 1393 2671 omnia

335 2703 402 2771 tuis
422 2700 552 2772 artibus
572 2719 757 2789 superasse
778 2703 928 2776 videare.

402 2940 429 3002 ς.
447 2935 489 3001 41.
522 2950 574 2986 uon
591 2935 662 2990 ior-t.
680 2951 735 3006 uoq.
748 2952 858 3005 ρναεο,
879 2936 925 2988 red
940 2951 1011 3004 pree
1026 2946 1111 2987 tecam
1118 2933 1163 3002 sr.
1181 2951 1235 3003 ugo
1257 2934 1274 2989 i.
1289 2952 1314 2990 e.
1333 2951 1392 2989 uon

335 3009 363 3054 ta
379 2998 495 3066 hortor,
510 3014 600 3071 neque
616 3000 666 3055 tibi
684 3000 839 3073 praecipio,
855 3000 904 3054 sed
918 3000 1041 3054 fraterne
1056 3011 1084 3053 te
1101 3015 1211 3071 precor.
1225 3031 1258 3044 -
1292 3002 1396 3066 Quadri

335 3069 362 3117 ia
379 3071 445 3120 meri.
460 3077 524 3119 stat.
538 3084 615 3123 enm.
632 3085 664 3119 aa
713 3068 824 3123 redcat.
839 3078 1076 3121 restaurassent
1091 3065 1107 3123 i.
1121 3082 1145 3121 e.
1160 3065 1261 3137 quodsi
1272 3065 1391 3121 conditio

334 3147 431 3187 rerum
447 3141 605 3187 nostrarum
627 3148 670 3185 me
690 3132 773 3186 iocris
797 3148 830 3185 ae
851 3131 1010 3204 quotidiana
1033 3141 1120 3200 esset,
1145 3132 1179 3185 de
1201 3148 1259 3205 qua
1279 3134 1390 3200 siletur,

332 3214 436 3271 neque,
451 3207 483 3252 ut
497 3194 674 3269 supradixit,
689 3199 874 3269 sempiternus
889 3197 1029 3252 hominum
1044 3199 1259 3255 sermosuturua
1274 3209 1390 3255 esset.-

332 3276 441 3343 prueter
457 3265 493 3317 al.
509 3281 581 3318 cont.
595 3290 627 3313 =
643 3281 726 3335 quam
740 3262 818 3336 quod
832 3263 868 3318 ab
884 3264 943 3318 aliia
960 3265 1097 3337 postulari
1111 3234 1191 3323 sciet.
1208 3298 1242 3309 -
1275 3278 1346 3319 rutro
1357 3290 1389 3314 =

334 3329 472 3397 condano,
489 3338 576 3384 statua
590 3346 686 3384 rerum
700 3342 869 3385 nostrarum.

400 3405 429 3467 s.
447 3400 489 3462 in.
522 3397 656 3448 theatrum
670 3407 686 3462 †
700 3408 739 3450 est
756 3400 849 3455 totius.
881 3396 970 3453 orell.
990 3397 1024 3451 ud
1039 3398 1099 3457 hl.
1118 3395 1274 3451 adnotavit:
1300 3397 1390 3451 »For-

334 3459 616 3528 concutiemini,
638 3463 687 3517 sed
705 3474 841 3534 cmtrpta
860 3474 926 3519 eunt
943 3482 986 3516 ve.
1005 3475 1044 3515 ase
1061 3465 1165 3527 lotium
1187 3464 1225 3517 ita
1242 3473 1273 3517 ut
1289 3460 1388 3516 fuerit:

334 3527 439 3589 Quare,
457 3531 581 3599 quomam
597 3529 874 3582 amallitanorum
893 3549 920 3581 es
937 3531 1083 3584 sortitum
1116 3530 1184 3583 Ern.
1199 3528 1276 3601 legit:
1301 3527 1390 3590 Quare

335 3595 458 3651 mum
473 3594 604 3646 eiusmodi
616 3596 750 3648 theatrum
766 3606 805 3649 eet
819 3596 903 3646 totius
917 3597 1012 3656 Asilae,
1037 3604 1066 3647 et
1081 3610 1147 3648 aene
1168 3597 1226 3650 otae
1247 3601 1389 3663 postremo

334 3655 424 3710 verbo
439 3658 522 3713 lectio
545 3658 619 3732 vulp.
640 3677 724 3716 aenea
744 3660 819 3714 foret
838 3656 975 3714 destitute.
1014 3658 1126 3717 Schiata
1147 3671 1175 3715 et
1190 3662 1305 3723 Lunum.
1326 3675 1388 3712 eum

334 3721 461 3776 Victoria
482 3725 671 3798 scripserunt:
702 3726 791 3791 Quare
829 3727 935 3777 comum
957 3726 1091 3792 theutrum
1111 3729 1166 3780 tais
1188 3723 1332 3776 uirtutibus
1350 3736 1389 3776 ese

334 3788 445 3867 datum,
462 3790 561 3846 omisso
577 3792 719 3854 eiusnodi,
740 3744 828 3863 quoti
837 3810 862 3846 v.
877 3790 966 3846 iudice
981 3790 1089 3846 Orellio
1106 3789 1275 3845 mniasimmu
1292 3799 1342 3844 est.
1356 3821 1388 3832 —

334 3846 484 3909 delatam
499 3882 532 3906 =
542 3856 586 3912 fre
610 3858 701 3913 mentia
714 3868 950 3929 spectatorum-
983 3858 1073 3926 a'gaifi
1086 3874 1220 3928 aucupor,
1231 3852 1391 3933 declaratio-

334 3936 384 3975 nes
398 3876 709 3993 proprietariorum,
742 3941 794 3978 uae
810 3923 941 3996 propriae
956 3923 1058 3979 theatri
1070 3932 1142 3978 suut.
1168 3923 1387 3991 Sa'prmfieoe'om,

334 3988 512 4055 ἐπισημασίαι,
528 3989 688 4106 aLppleusus.
751 3987 786 4044 id.
800 3989 835 4043 ad
850 3996 907 4046 Ait.
927 4009 955 4057 ι,
971 3989 1015 4055 16,
1031 4007 1058 4043 ιι
1067 4008 1077 4055 3
1096 3992 1143 4055 tl,
1155 3987 1180 4043 3.
1195 4003 1247 4059 pro
1261 3988 1336 4044 Sext.
1347 3989 1389 4056 49.

334 4054 368 4122 57
383 4062 452 4107 extr.
465 4052 507 4124 59.
556 4053 592 4111 iv.
603 4056 649 4120 dr,
667 4057 697 4109 15
712 4055 749 4109 iu.
766 4086 800 4098 -
833 4056 874 4107 le
890 4057 979 4119 sulm,
995 4051 1174 4121 celebritate,
1192 4070 1234 4108 me
1254 4049 1388 4119 nitidius,

335 4117 489 4178 eruditione
504 4119 603 4188 haiae,
618 4119 730 4175 omniuo
746 4120 797 4175 hoe
812 4120 921 4177 theatro
939 4122 1036 4195 hisque
1050 4069 1302 4194 oipiumrtomim.
