3009 5067
410 229 413 244 ”
518 291 775 369 aarum.
1095 299 1179 418 ⁸ro

11 463 12 490 ἶ
59 547 63 556 .
122 499 214 556 nere:
268 486 349 556 Seio
379 485 487 552 fuisse
513 486 550 550 et
576 483 752 548 honestius
779 479 961 551 moriendi
975 484 1106 575 tempus
1145 492 1181 555 et
1222 471 1257 550 tir

11 615 12 620 ¹
123 596 260 663 utilius:
291 593 354 661 sesi
382 609 450 658 non
477 589 543 654 hoe
570 587 694 673 solum,
725 588 829 654 multa
855 589 923 660 alia
949 594 1179 684 praetermisi,

123 721 208 790 quae
229 704 260 768 si
280 700 375 787 queri
391 696 494 763 velim
507 692 709 792 praeterita,
730 693 813 759 nihil
829 701 952 785 agam,
972 698 1039 764 uisi
1057 705 1095 765 ut
1114 719 1178 767 au-

121 825 224 896 geam
245 804 395 871 dolorem
415 803 528 888 tuum,
558 797 701 866 indicem
722 800 899 868 stultitiam
925 820 1041 870 meam.
1092 805 1181 875 lllutl

122 913 257 1001 quidem
277 923 341 975 nee
360 905 549 974 iaciendum
570 912 624 974 est
644 921 709 972 nee
729 906 802 972 fieri
822 911 953 994 potest,
975 927 1028 975 me
1046 908 1181 999 diutius,

44 1011 47 1014 ’
120 1033 221 1105 quum
249 1020 319 1083 aut.
334 1023 422 1083 tuum
450 1017 580 1101 tempus
603 1015 780 1082 aut‘tirma
807 1013 1119 1103 spes-postulabit,
1147 1018 1182 1085 in

11 1165 13 1190 ÷
121 1127 194 1188 tarn
210 1123 333 1187 misera
352 1124 485 1206 tamque
506 1121 595 1205 turpi
614 1119 918 1186 uita'uommorarir
936 1125 995 1207 ut,
1013 1123 1069 1207 qui
1085 1121 1181 1188 modo
1229 1139 1233 1157 ¹

122 1227 230 1293 fratre
255 1225 390 1313 fuerim,
421 1224 556 1313 liberis,
587 1226 752 1315 coniuge,
787 1227 916 1313 copiis,
949 1244 1080 1315 genere
1107 1228 1181 1314 ipso

122 1331 285 1418 pecuniae
301 1329 533 1417 beatimimus,
555 1325 741 1421 (lignitate,
764 1333 983 1421 auctoritate,
1005 1334 1182 1401 existima·

11 1467 13 1486 ι
121 1438 233 1525 tione,
261 1438 376 1525 gratia
396 1455 464 1503 non
483 1436 643 1527 inferior,
667 1433 770 1523 ptam
796 1439 852 1526 qui
878 1453 1024 1526 unquam
1050 1439 1185 1507 fuenmr

111 1545 338 1631 amplissimi,
352 1544 391 1609 is
411 1543 554 1622 nunoin
573 1543 647 1609 hae·
660 1549 730 1610 tam
751 1543 877 1612 uitiata
897 1544 1097 1635 perditaque
1110 1545 1183 1613 for-

108 1648 205 1716 ·'tuna
236 1668 344 1736 neque
374 1650 427 1715 mo
460 1662 570 1736 neque
604 1645 697 1730 moos
717 1649 853 1739 ‘lugere
887 1650 1012 1718 diutius
1046 1652 1183 1739 possim.

11 1757 13 1790 2
124 1756 236 1840 Quare
263 1756 343 1843 quid
370 1756 415 1821 ad.
439 1773 493 1823 nra
522 1756 693 1843 scripsisti
719 1756 763 1838 de
783 1749 1058 1843 permutatione?
1090 1760 1185 1846 quasi
1226 1751 1259 1817 7·

122 1881 206 1931 uero
235 1882 323 1930 nune
349 1881 406 1932 me
431 1884 499 1930 non
519 1863 800 1934 tues-fauultates
821 1866 1030 1956 sustineant,
1058 1882 1125 1954 qua
1150 1869 1186 1935 in

122 1992 160 2039 re
181 1972 257 2056 ipsa
277 1969 378 2037 video
400 1972 558 2035 miseret
579 1970 706 2056 sentio,
729 1965 807 2055 quid
825 1970 966 2035 sceleris
983 1968 1186 2061 admiserim,

123 2095 223 2161 quum
250 2075 292 2141 sle
318 2076 507 2142 uiseeuiluus
526 2075 609 2147 tais
630 2078 672 2140 et
692 2073 751 2140 lilii
778 2075 827 2139 tui
855 2074 1094 2143 satisfacturus
1119 2078 1188 2168 sis,

11 2249 15 2274 .
126 2169 504 2266 quibusaebeszt‘eg‘o,
527 2181 699 2264 acceptam
722 2197 767 2246 ex
788 2181 919 2246 aerario
933 2181 1110 2267 pecuinam
1129 2187 1187 2251 tuo

124 2284 277 2371 nomine,
298 2283 426 2349 lrnstra
447 2282 647 2369 dissiparim.
689 2280 763 2349 Sed
785 2286 897 2349 tamen
915 2289 952 2350 et
963 2285 1010 2350 Mu
1027 2288 1190 2362 Antonio,

45 2429 55 2449 ι
124 2394 282 2478 quantum
301 2395 338 2457 tu
359 2387 569 2478 scripseras,
593 2386 672 2480 [et]
695 2386 859 2475 Caepioni
875 2390 1079 2460 tantumdem
1092 2393 1190 2460 solu-

11 2507 12 2518 *
122 2503 192 2564 tum
213 2501 286 2565 est:
318 2493 399 2566 milri
420 2495 464 2563 ad
484 2495 537 2585 id,
566 2496 651 2583 quod
673 2497 809 2586 rogito,
841 2498 923 2586 hoe,
953 2498 1040 2584 quod
1061 2497 1191 2585 habeo,

130 2762 133 2768 ,
187 2698 211 2768 ᾗ.
226 2698 251 2754 6.
286 2702 555 2782 lrou,ruor.tempur.
581 2695 882 2772 Gfiadlltt.3,7,s·
905 2717 985 2773 9,u;
1012 2697 1117 2754 addis.
1138 2700 1184 2768 15,

123 2768 157 2833 6,
173 2763 198 2821 ὅ.
214 2798 245 2809 -
279 2775 355 2817 tuum
373 2771 473 2834 tetrepus
495 2784 511 2818 1.
527 2780 550 2818 e.
568 2769 644 2818 luunt
665 2765 830 2837 perieulum.
863 2737 904 2819 ὀί.
922 2783 977 2837 pro
992 2766 1046 2838 leg·
1061 2768 1136 2821 Man.
1154 2773 1184 2835 1}

122 2842 177 2915 pro
194 2829 288 2887 Plane.
306 2832 347 2885 32.
362 2864 395 2874 -
425 2823 510 2902 firma
526 2849 584 2899 sper
605 2829 710 2885 reditus
729 2837 790 2884 mei.
806 2864 837 2873 -
877 2848 973 2899 genere
987 2835 1044 2900 ipso
1058 2836 1183 2902 pecunias

122 2920 139 2953 ι,
157 2916 180 2952 a.
198 2908 229 2952 ut
245 2897 313 2954 Era.
332 2895 425 2952 verbis
443 2905 569 2962 utamur,
601 2894 677 2968 quod
697 2896 791 2967 eopias
811 2910 874 2950 suas
898 2914 954 2950 uon
977 2896 1053 2950 malis
1075 2898 1182 2953 artibus

123 2975 314 3035 compararat,
331 2963 380 3016 sed
396 2962 561 3034 parsimonia
578 2972 605 3017 et
622 2961 836 3029 hereditatibus,
859 2977 931 3034 quae
950 2962 975 3016 ei
990 2979 1006 3016 a
1022 2964 1085 3018 viris
1102 2964 1181 3018 honis

120 3039 254 3085 venerant
268 3028 474 3082 benevolentiae
490 3044 572 3081 causa
584 3039 616 3082 et
630 3027 750 3082 honoris.
785 3028 926 3081 Manutius
939 3029 1067 3085 coniecit:
1082 3041 1181 3098 genero·

120 3101 134 3151 2’
148 3114 178 3146 so
185 3134 195 3158 ,
230 3097 338 3154 eeuuiu,
357 3102 387 3147 ut
403 3096 433 3147 C.
446 3094 574 3148 Pisonem
590 3103 722 3167 generum
738 3111 820 3148 suum
835 3094 981 3163 significet3
1004 3110 1076 3165 quae
1091 3110 1181 3147 emen·

125 3116 198 3217 gatto
210 3113 273 3213 fiee
289 3159 378 3211 miuus
394 3158 553 3229 probanda,
577 3159 652 3232 quod
667 3158 897 3214 commemorandi
909 3163 1004 3228 generi
1017 3170 1080 3213 ante
1098 3178 1124 3213 v.
1141 3176 1181 3212 oo

117 3231 178 3349 pr‘i'p·
189 3226 267 3304 lpeus
282 3224 393 3291 fuisset,
409 3240 460 3276 nee
473 3223 561 3279 minus
577 3236 634 3282 tum
649 3228 761 3296 pecunia
776 3221 899 3299 frigeret,
917 3234 989 3297 quae
1005 3224 1032 3277 iu
1047 3226 1128 3294 cupiri
1143 3224 1181 3278 in·

119 3307 148 3350 te
171 3302 262 3364 rgrtur.

145 3381 146 3384 ’
187 3381 211 3451 §-
234 3400 260 3452 7.
301 3382 331 3433 de
346 3382 539 3449 permutatione
554 3378 571 3433 i.
584 3395 607 3432 e.
624 3381 739 3450 pecunia
757 3380 960 3462 permutatione
979 3398 1001 3437 s.
1021 3398 1034 3435 s
1052 3393 1121 3455 agra
1142 3382 1177 3437 lra

112 3461 226 3517 vsumta3
244 3467 270 3509 v,
281 3445 318 3499 ari
331 3445 390 3499 div,
401 3447 427 3511 3,
442 3456 467 3506 5.
480 3441 515 3498 ad
528 3445 793 3512 Arr.e,1s.in1²1s.
807 3464 848 3501 ar.
881 3447 1000 3521 Quintus
1044 3398 1178 3504 arcufra-

121 3517 159 3572 tri
178 3514 319 3587 scripsisse
339 3509 463 3580 videtur,
489 3527 534 3580 se,
559 3527 646 3582 quum
664 3508 699 3562 aa
720 3513 820 3565 urbem
838 3514 1012 3582 pervenerit,
1033 3514 1178 3585 pecuniarii

123 3584 173 3636 hae
188 3583 228 3636 via
246 3580 271 3633 ei
286 3583 450 3644 'curaturum
464 3605 497 3619 -
538 3578 601 3647 queit
612 3576 717 3631 sceleris
734 3579 901 3639 admistum,
924 3576 1003 3649 quod
1018 3596 1074 3632 nou
1087 3579 1178 3639 clodii

121 3650 232 3701 furores
252 3646 277 3698 vi
294 3644 455 3716 repulisset,
466 3642 559 3696 retiam
575 3655 637 3698 sum
652 3643 748 3695 mortis
762 3643 901 3715 periculo,
916 3642 965 3698 sed
979 3655 1077 3724 sponte
1092 3646 1178 3702 Roma

124 3712 255 3770 seruisset„
265 3744 306 3772 ,...
345 3713 486 3764 asserribus
505 3710 621 3782 figurate
636 3725 705 3779 pro:
722 3726 755 3762 re
769 3708 910 3776 familiari,
927 3711 1026 3778 sopire,
1042 3711 1176 3767 facultati·

113 3780 191 3842 hus,
207 3776 299 3834 house
327 3776 370 3834 Cf.
387 3793 441 3845 pro
459 3772 531 3827 dom.
543 3777 586 3841 47.
608 3776 744 3827 austrasis
758 3775 850 3826 villum
864 3778 1004 3828 asturibus
1018 3782 1126 3835 aerarii.
1143 3809 1175 3821 -

122 3854 223 3911 accept,
236 3860 267 3894 ru
284 3860 338 3896 aar.
354 3860 427 3912 peu„
453 3857 525 3921 quae
544 3840 594 3894 tibi
610 3840 690 3896 Asiae
706 3839 830 3911 praetori
841 3840 957 3902 'decreta
972 3853 1048 3911 orat3
1071 3856 1175 3898 certam

124 3909 196 3963 enim
226 3908 366 3977 pecuniam
389 3904 595 3979 prouinciarum
620 3906 777 3961 rectoribus
803 3907 928 3978 respubl.
947 3910 1120 3976 numerabat.
1143 3940 1176 3954 ·-

111 3975 228 4043 frustra
246 3973 332 4042 dissip.
351 3971 385 4026 ad
403 3972 485 4028 vitam
503 3971 723 4039 sustentandam,
746 3973 775 4027 in
791 3989 848 4045 qua
862 3977 1026 4032 commorari
1042 3974 1115 4030 haud
1131 3991 1176 4026 ne·

121 4038 271 4095 cessarium
285 4038 399 4104 sensuit,
409 4070 442 4081 -
466 4035 531 4115 [et]
540 4040 668 4121 Caepioni.
684 4038 794 4094 Primus
807 4040 921 4108 Lami»,
936 4052 966 4098 ut
979 4052 1072 4095 mouet
1087 4037 1175 4092 Benti-

123 4107 211 4180 rogi,
226 4117 252 4157 et
267 4112 329 4159 ente
344 4122 368 4158 r.
379 4107 503 4176 Caepr'our'
513 4115 622 4177 posu1t3
639 4102 747 4161 alibris
760 4106 846 4163 abest,
863 4140 893 4152 -
922 4108 960 4162 M.
973 4109 1099 4166 Antonio,
1116 4107 1177 4157 Cea

909 4201 938 4263 4
