3009 5067
348 296 397 368 re
491 301 527 361 rr.
549 301 579 360 r.
600 269 783 363 orcaaoius
806 275 956 362 ureret.
976 298 1025 359 uo
1046 299 1077 371 o.
1098 247 1266 362 ranrnuu

347 485 446 567 atque
467 480 576 546 omnia
597 477 699 565 plena
724 478 942 566 elementiae,
968 481 1259 573 mansuetudinis,
1290 486 1427 556 huma..

346 589 474 655 nitatis.
751 585 754 590 ’
1278 633 1287 654 .

182 693 246 764 IX.
267 691 325 761 26.
430 674 697 778 Quantumvero
717 690 799 766 illud
815 694 870 759 est
885 692 1080 761 benefitium
1100 700 1210 783 tuum,
1232 697 1323 784 quod
1346 701 1424 766 ini-

345 820 409 888 quo
430 805 466 866 et
485 801 587 890 gravi
615 797 779 885 vectigali
805 797 980 887 aedilitio,
1013 819 1086 866 oum
1114 804 1251 890 magnis
1281 809 1421 873 nostris

345 906 589 998 simultatibus,
611 905 730 972 Asiam
750 893 934 972 liberasti?
975 904 1128 994 Etenim,
1147 908 1181 976 si
1201 929 1288 975 unus
1312 912 1420 978 homo

344 1013 467 1086 nobilis
482 1012 637 1102 queritur
650 1011 762 1097 palam
781 1015 836 1099 te,
858 1011 946 1096 quod
963 1012 1129 1103 edixeris,
1150 1014 1217 1081 Nu
1237 1017 1305 1086 AD
1327 1017 1419 1085 LU-

344 1118 437 1188 DOS
460 1117 700 1200 PECUNlAE
721 1115 1160 1209 DECERNERENTUR,
1185 1122 1245 1192 HS
1271 1144 1321 1192 ee.
1347 1128 1421 1194 sibi

345 1227 533 1314 eripuisse:
561 1229 686 1310 quanta
708 1223 845 1294 taudem
865 1226 1008 1309 pecunia
1026 1226 1249 1315 penderetur,
1281 1232 1312 1296 si
1335 1251 1419 1299 om·
1461 1287 1465 1302 ι

345 1336 436 1403 nium
456 1333 607 1420 nomine,
637 1332 823 1417 quicunque
843 1330 972 1397 Rornae
996 1332 1095 1399 ludos
1120 1335 1289 1419 iacerent,
1319 1340 1416 1422 quod

346 1446 421 1509 erat
437 1442 502 1506 ian
515 1441 714 1525 institutum,
736 1430 970 1524 erogareturi
1013 1441 1215 1528 Quamquam
1235 1442 1298 1522 has
1320 1462 1414 1528 que.

346 1548 438 1615 relus
472 1547 638 1624 hominum
667 1551 857 1626 nostrorum
888 1544 946 1610 illo
983 1546 1124 1611 oonsilio
1160 1550 1412 1637 oppressimus,

292 1719 296 1724 .
348 1655 435 1742 qnod
456 1655 491 1719 iu
505 1656 592 1734 Asia
612 1655 728 1722 neseio
747 1672 889 1739 quonam
903 1650 1022 1736 modo,
1044 1654 1172 1720 mnae
1188 1652 1321 1743 quidem
1340 1643 1413 1721 non

346 1759 507 1827 mediocri
535 1777 608 1824 cum
635 1756 855 1826 admiratione
887 1758 1061 1846 laudatur,
1096 1760 1204 1847 quod,
1237 1779 1335 1847 quum
1362 1762 1412 1828 'ad

347 1865 505 1953 templum
534 1868 844 1952 monumentumque
877 1870 1029 1934 nostrum
1057 1868 1215 1938 civitates
1246 1870 1412 1955 pecunias

346 1973 612 2059 decrevissent,
636 1990 799 2058 quumque
825 1972 860 2040 id
883 1978 918 2039 et
936 1993 999 2067 pro
1021 1976 1105 2042 meis
1120 1976 1260 2064 magnis
1281 1977 1412 2043 meritis

348 2083 385 2146 et
405 2097 465 2166 pro
487 2079 555 2144 tuis
576 2078 728 2144 maximis
749 2078 1076 2169 benefieiissummq
1086 2102 1150 2150 sua
1161 2083 1339 2149 voluntate
1349 2084 1411 2149 se-

349 2190 496 2274 cissent,
527 2187 784 2272 nominatimque
812 2187 870 2258 lex
897 2184 1090 2278 exciperet,
1121 2190 1183 2256 Ur
1204 2173 1268 2256 AD
1289 2187 1413 2260 Turta

347 2293 475 2361 anun
489 2278 1174 2384 nonuman'rurtffloutoneuou
1187 2285 1416 2383 aroanna?

349 2453 464 2546 imperio.
498 2474 542 2529 Sic
558 2471 675 2528 distinxit
690 2475 778 2529 Oroll.
793 2493 855 2528 cum
870 2472 995 2527 Munatio
1011 2472 1124 2543 aliisque
1130 2492 1141 2541 3
1157 2473 1266 2544 vtdgata
1282 2439 1426 2528 exhibet?

349 2553 397 2594 tuo
418 2552 476 2593 teto
493 2542 599 2610 donique
614 2544 730 2609 imperio.
763 2546 800 2596 At
820 2556 906 2611 supra
926 2548 948 2606 ς.
965 2557 994 2609 ¹9
1016 2548 1072 2592 este
1087 2541 1116 2589 in
1132 2551 1207 2589 tanto
1225 2542 1319 2608 imper·
1349 2540 1408 2594 aine

348 2622 430 2680 pron.
444 2618 499 2659 tuo.
535 2608 668 2678 Praepos.
680 2610 724 2670 in,
741 2623 814 2679 quae
829 2609 912 2687 vulgo
926 2604 1076 2671 omittitur,
1093 2603 1164 2658 idern
1179 2604 1267 2658 Orelt.
1281 2615 1326 2660 tx⁴
1344 2604 1409 2660 odd.

350 2673 446 2726 saitem
462 2689 524 2724 curn
540 2673 616 2725 uncia
631 2672 783 2726 addendam
798 2682 911 2726 censuit.
923 2702 956 2715 -
995 2683 1074 2741 atque
1092 2688 1160 2724 ouen.
1189 2671 1254 2723 Post
1271 2682 1342 2743 part.
1362 2687 1408 2723 ne·

351 2748 474 2811 gentem,
494 2740 583 2809 qualia
603 2738 662 2791 hic:
685 2741 768 2802 aedil,
792 2739 861 2795 coni.
877 2749 955 2809 utque
974 2736 1045 2790 idern
1070 2738 1141 2791 valet
1159 2736 1236 2808 quod
1253 2740 1313 2800 sed,
1330 2740 1406 2790 ammo

349 2820 412 2855 vero
420 2822 433 2867 ,·
450 2804 484 2859 ef.
497 2821 582 2877 supra
598 2804 632 2857 ad
648 2812 671 2874 §a
684 2822 721 2876 ¹9·
1280 2825 1281 2828 ’

417 2885 462 2939 [Χ.
474 2894 514 2952 q.
531 2887 571 2939 no.
609 2886 735 2954 uectigali
755 2885 891 2948 aedilitio,
914 2904 973 2941 eum
989 2902 1023 2940 m.
1039 2902 1066 2940 n.
1081 2903 1103 2938 s.
1127 2893 1169 2937 est
1189 2884 1297 2964 egregia
1319 2886 1408 2938 Line·

350 2951 442 3003 manni
457 2951 609 3005 emendatio
627 2969 680 3023 pro
698 2953 771 3024 vulg.
794 2953 924 3020 vectigali
939 2951 1118 3002 aedilitiorum
1139 2968 1174 3003 m.
1193 2967 1220 3002 n.
1238 2968 1259 3004 r.
1276 2949 1406 3018 ,Mutan-

351 3013 417 3069 dum
436 3033 494 3070 esse
512 3019 690 3071 aedilitiorum
708 3019 903 3087 (unimodum
924 3017 946 3070 ai
963 3015 1094 3070 subaudis
1112 3018 1262 3076 hommum,
1289 3017 1349 3083 rel,
1374 3029 1405 3073 ut

263 3115 274 3125 κ
350 3082 469 3138 Faeeiol.
483 3084 598 3150 monuit,
610 3101 759 3146 munerum,
776 3094 818 3137 eat
833 3084 984 3157 incongrua
996 3082 1096 3150 lectio)
1108 3083 1136 3135 in
1149 3083 1268 3134 aedilium
1283 3082 1335 3136 iam
1351 3084 1407 3138 Ho-

350 3153 471 3206 tomeun.
490 3150 611 3216 viderat,
636 3165 719 3221 quem
737 3160 849 3203 secutus
869 3159 910 3203 est
932 3148 1044 3203 Schritu.
1085 3152 1201 3206 Lenem.
1218 3163 1251 3202 ex
1268 3160 1403 3220 postrema

350 3215 456 3286 syllaba
473 3216 549 3270 eruit
566 3234 641 3279 eum,
659 3216 739 3269 etsie
757 3216 793 3269 ait
807 3216 968 3269 Ciceronem
986 3215 1066 3286 loqui
1081 3231 1181 3272 amare.
1215 3217 1251 3269 V.
1270 3233 1353 3290 supra
1370 3215 1403 3269 ad

350 3288 375 3351 ς.
389 3283 427 3354 rq'.
441 3314 473 3326 -
506 3283 622 3350 uectigal
634 3283 781 3333 aedilitium
796 3282 992 3353 appellabatur
1007 3282 1123 3353 pecunia
1139 3299 1159 3335 a.
1172 3280 1318 3354 tributum,
1331 3281 1402 3355 qnod

416 3347 550 3402 aedilibus
563 3358 596 3404 ad
611 3348 742 3401 ludorum
760 3359 866 3402 sumtus
882 3348 1041 3420 cogebatur.
1062 3349 1103 3404 Cf.
1116 3347 1173 3404 Liv.
1186 3352 1234 3415 do,
1248 3353 1280 3416 dd
1298 3359 1401 3403 erte.-

374 3418 472 3477 tem‘me
489 3416 561 3487 vulg.
575 3416 724 3477 Enimvero,
741 3432 825 3488 quam
841 3415 1043 3469 correctionem
1052 3415 1175 3469 iectionis
1187 3417 1254 3466 enain
1271 3427 1330 3469 esse
1346 3432 1402 3468 een-

352 3489 395 3533 set
406 3480 494 3537 Orell.
512 3513 545 3525 -
578 3482 736 3551 penderetur
751 3499 767 3534 a
786 3483 936 3553 provincia.
953 3515 987 3527 -
1019 3494 1190 3550 erogaretur,
1210 3481 1401 3551 imperaretur,

352 3543 517 3616 exigeretur.
531 3579 564 3589 -
597 3550 682 3600 neseio
696 3567 809 3620 quonam
823 3550 906 3602 modo.
922 3550 987 3601 Ern.
1002 3556 1030 3599 et
1040 3547 1102 3600 sch.
1117 3564 1142 3598 n.
1175 3564 1209 3597 uo
1222 3547 1305 3597 modo.
1334 3547 1401 3602 lltud

352 3628 465 3682 quonam
480 3614 556 3665 modo
572 3629 625 3682 pro
650 3616 778 3683 quomodo
802 3615 904 3687 legitur
919 3613 952 3665 ad
967 3612 1020 3665 div.
1037 3630 1082 3678 rr,
1096 3630 1145 3682 ιγ,
1157 3566 1189 3679 15
1209 3628 1255 3674 ιο,
1268 3611 1316 3677 33,
1330 3612 1353 3665 3,
1370 3647 1401 3659 ..

352 3676 522 3754 adtemplum
535 3692 779 3750 monumentumque
793 3693 925 3741 nostrum,
938 3677 1117 3758 ob'benefieia
1131 3681 1292 3745 meritaque,
1306 3678 1400 3748 quibus

352 3746 446 3796 Aetam
459 3744 630 3815 provinciam
644 3745 774 3799 affecerat
788 3748 902 3799 Marcus
919 3745 1026 3798 Cicero.
1060 3745 1102 3798 cf.
1115 3744 1149 3797 ad
1162 3748 1218 3796 att.
1233 3746 1265 3808 5,
1280 3760 1323 3797 ar:
1339 3746 1400 3799 rOb

352 3808 420 3863 haec
440 3809 587 3878 beneficia,
604 3811 763 3881 quibusiili
780 3814 995 3883 obstupescunt,
1013 3810 1106 3866 nullos
1122 3812 1240 3863 honores
1258 3807 1334 3877 miti,
1355 3812 1400 3867 nisi

352 3875 506 3932 verborum
522 3876 632 3930 decerni
648 3877 724 3943 sino,
740 3889 854 3946 statuas,
870 3879 947 3941 fana,
964 3880 1090 3951 τέθριππα
1104 3875 1267 3946 prohibeat
1281 3909 1314 3920 -
1339 3896 1400 3930 rum·

352 3960 397 3996 ma
413 3959 464 3997 aua
476 3942 630 4006 voluntate,
647 3955 762 4015 sponte,
779 3962 834 3997 non
850 3942 980 4015 precibus
998 3944 1042 3997 rel
1058 3941 1150 3996 edictis
1165 3940 1285 3996 adducti.
1302 3974 1332 3985 -
1361 3945 1399 3996 let

352 4007 389 4064 de
404 4007 582 4080 repetundis,
604 4026 677 4129 qpae
699 4009 833 4075 cavebat,
859 4026 894 4061 ne
911 4009 956 4061 eui
974 4020 1023 4064 aut
1041 4023 1141 4079 capere
1162 4007 1293 4079 pecuniae
1311 4008 1400 4062 liceret

354 4085 402 4134 aut
420 4075 574 4131 conciliare.
642 4074 700 4130 ,ad
715 4077 799 4131 artie.
816 4076 847 4141 t,
863 4085 907 4133 2¹.
944 4077 1028 4130 Verr.
1048 4074 1077 4139 5,
1092 4072 1133 4139 48.
1150 4103 1183 4115 -
1216 4084 1399 4126 monumentum

355 4139 451 4220 [queJ.
491 4144 585 4222 Quum
603 4142 631 4197 in
649 4140 709 4194 aliis
727 4140 807 4195 libris
823 4141 932 4212 legatur
948 4154 974 4194 et
988 4151 1201 4204 mouumentum,
1224 4141 1349 4213 copulam
1363 4138 1399 4192 in·
