3009 5067
507 230 567 294 LlB.
589 231 607 292 l.
649 229 698 290 ΕΡ.
720 229 779 289 ΠΙ.4

462 621 726 700 uersuum
751 623 818 695 111.
1015 725 1023 770 ἶ

114 778 223 859 Scripta
236 782 270 840 ab
285 779 379 839 exsule
394 772 601 836 Thessalonicae
613 773 679 834 ldib.
694 776 776 834 Iuniis
788 775 819 833 A.
828 774 859 835 U.
868 774 896 834 (l.
911 774 970 833 696
986 729 1032 850 ὃν

283 878 312 938 C.
333 877 399 936 lullo
422 875 552 970 Caesare,
573 875 607 935 Μ.
630 873 774 951 Calpurnio
795 873 891 932 Bibulo
913 872 989 933 Coss.

1039 733 1164 846 insse]

115 1041 323 1105 Arqumeatum.
357 1028 438 1108 Quod
456 1047 559 1102 pueros
579 1028 612 1084 ad
629 1030 760 1108 Quintum
776 1029 834 1083 sine
851 1029 938 1082 literis
954 1027 1071 1095 miserit,
1094 1025 1120 1079 id
1139 1044 1168 1080 se

183 1133 238 1168 non
257 1114 395 1167 iracundia
413 1111 562 1167 adductum
578 1112 673 1167 fecisse
690 1130 756 1182 nec,
780 1112 856 1184 quod
874 1113 989 1166 fratrem
1009 1112 1104 1165 videre
1122 1129 1169 1164 uo·

183 1196 273 1251 luerit.
307 1197 458 1263 Hortatur,
476 1205 506 1247 ut
521 1211 550 1248 sc
565 1195 651 1266 erigat
666 1205 693 1247 et
708 1196 865 1261 confirmet,
883 1195 905 1249 si
921 1211 976 1265 qua
990 1192 1014 1245 ei
1026 1190 1169 1245 subeunda

182 1276 413 1331 dimicatiofuerit
431 1277 515 1330 1-6,
550 1276 676 1347 Denique
691 1277 791 1347 gratias
806 1276 886 1330 fratri
902 1292 956 1351 pro
971 1274 1070 1328 oblatis
1084 1273 1170 1327 facul·

179 1359 281 1415 tatibus
296 1358 403 1431 agitet,
426 1357 529 1429 quihus
545 1359 698 1429 potentium
714 1355 852 1411 fidendum
869 1367 916 1410 aut
930 1374 986 1410 nen
1000 1352 1167 1409 credendum

178 1441 230 1510 sit,
245 1450 339 1495 monet
354 1457 441 1511 7-9.
459 1454 579 1510 suosque
593 1438 687 1494 fratris
701 1438 789 1491 amori
806 1436 977 1492 commendat
996 1453 1036 1492 ro.

383 1589 576 1658 MARCUS
598 1588 638 1672 Q.
659 1586 834 1654 FRATRI
855 1586 893 1654 S.

194 1703 242 1770 ui
261 1705 389 1793 trater,
411 1705 455 1769 mi
475 1703 597 1789 irater,
619 1700 663 1766 mi
683 1700 808 1785 frater,
829 1705 908 1765 tunc
921 1697 956 1764 id
970 1696 1099 1763 veritus
1117 1714 1168 1783 cs,
1210 1696 1240 1760 1.

111 1832 157 1880 ne
178 1830 245 1901 ego
266 1811 437 1878 iracundia
457 1808 568 1895 aliqua
584 1806 748 1873 adductus
764 1823 885 1891 pueros
906 1804 950 1869 ad
970 1808 1004 1869 te
1026 1804 1100 1869 sine
1121 1801 1166 1866 li-

112 1921 196 1985 teris
217 1908 393 1984 miserim‘i
414 1918 593 1984 autetiam
613 1934 656 1979 ne
679 1918 712 1979 te
727 1912 845 1979 videre
858 1900 1046 1977 noluerim?
1086 1908 1166 1993 Ego

4 2081 6 2084 ,
110 2021 174 2088 tibi
200 2011 400 2089 irascerer?
432 2022 492 2087 tibi
519 2040 586 2107 ego
608 2020 735 2103 possim
756 2008 890 2082 irascit
942 2014 1101 2101 Scilicet,
1130 2017 1168 2077 tu

114 2126 200 2190 enim
221 2145 273 2190 me
295 2125 465 2190 afflixistis
487 2125 534 2187 tui
553 2141 605 2187 me
626 2124 772 2210 inimici,
802 2128 859 2186 tua
880 2140 932 2186 me
953 2120 1098 2205 invidia,
1126 2137 1168 2185 ac

4 2291 5 2296 ,
112 2249 183 2296 non
203 2248 271 2318 ego
293 2234 328 2295 te
347 2228 469 2293 misere
489 2225 629 2313 perdidi.
671 2227 769 2292 Meus
791 2227 848 2291 ille
867 2226 1024 2292 laudatus
1041 2244 1167 2290 consu·

4 2421 6 2442 Ι
111 2337 221 2425 latus,
243 2336 322 2401 milri
342 2342 393 2424 te,
414 2334 550 2422 liberos,
570 2333 723 2422 patriam,
744 2333 909 2417 fortunas,
931 2331 992 2397 tibi
1009 2331 1110 2398 velim
1124 2350 1169 2396 ne

4 2461 5 2464 ’
112 2443 190 2530 quid
211 2444 387 2531 eripuerit,
407 2447 541 2529 praeter
561 2460 662 2505 unum
681 2460 745 2508 me.
789 2438 862 2508 Sed
883 2443 976 2505 certe
996 2457 1018 2504 a
1037 2441 1072 2503 te
1089 2437 1169 2503 mihi

4 2557 5 2560 ’
113 2551 225 2617 omnio
252 2565 386 2636 semper
411 2550 555 2616 honesta
583 2553 618 2613 et
644 2547 791 2613 incunda
819 2546 1029 2635 ceciderunt,
1064 2563 1086 2610 a
1115 2563 1168 2611 me

111 2657 173 2722 tibi
192 2657 303 2723 luctus
324 2674 418 2722 meas
440 2655 659 2743 calamitatis,
687 2658 796 2721 metus
817 2659 918 2742 tuae,
948 2652 1167 2737 desiderium,

112 2784 262 2853 maeror,
291 2763 447 2830 solitudo.
505 2763 583 2850 Ego
615 2766 650 2829 te
676 2764 794 2832 videre
821 2751 1013 2828 noluerimi
1064 2759 1168 2824 Immo

112 2890 194 2937 uero
214 2890 266 2937 me
287 2890 307 2936 a
327 2876 362 2937 te
384 2872 492 2940 videri
512 2872 612 2937 nolui.
654 2870 734 2935 Non
755 2869 842 2933 enim
862 2866 1011 2932 vidisses
1032 2863 1168 2930 fratrem

113 2982 226 3064 tuum,
248 2995 315 3041 non
336 2996 428 3065 eum,
450 2995 545 3062 quem
565 2976 770 3062 reliqueras,
792 2990 969 3059 nonaum,
990 2989 1087 3057 quem
1101 2985 1167 3032 no-

113 3101 191 3169 ras3
212 3101 279 3147 non
300 3101 393 3167 eum,
415 3081 512 3169 durem
532 3085 617 3149 flens
635 3084 786 3165 flentem,
808 3082 1064 3166 prosequentem
1084 3094 1168 3161 pro·

180 3268 204 3333 §.
228 3281 250 3316 ι.
283 3275 309 3313 ts
327 3264 373 3314 vall
398 3264 543 3325 nolueram,
567 3262 601 3316 de
622 3265 760 3335 provincia
780 3262 967 3318 decedentem.
983 3294 1018 3304 -
1049 3261 1169 3322 Scilicet,

113 3330 131 3383 i.
147 3347 170 3384 e.
188 3330 255 3384 scias
267 3329 347 3393 licet,
366 3328 476 3399 utiquc,
494 3329 625 3396 maxime3
642 3330 690 3383 sed
708 3333 790 3395 haec,
815 3342 843 3385 et
859 3347 932 3402 quae
947 3330 1035 3383 statim
1050 3343 1169 3397 sequun-

114 3412 177 3463 tur,
202 3399 407 3467 συμπαθὲσηρον
428 3394 559 3466 capienda
575 3411 632 3447 esse
649 3396 754 3450 monuit
771 3398 876 3449 Manut.
890 3429 923 3441 -
981 3406 1069 3446 raeter
1087 3409 1169 3443 onum

114 3482 161 3514 me.
196 3464 308 3516 Vereor
325 3464 410 3527 enim,
432 3479 466 3513 ne
484 3461 531 3532 qni
546 3461 704 3514 consulatus
720 3464 773 3513 mei
790 3463 903 3533 gloriam
923 3415 986 3514 midi
1000 3457 1167 3525 inviderunt,

115 3527 164 3581 tibi
181 3546 311 3601 quoquc,
324 3539 437 3600 praeter
451 3527 576 3594 fratrem,
588 3525 702 3591 liberos,
716 3528 833 3597 patriam
847 3527 971 3579 fortunas
994 3542 1028 3577 ue
1045 3519 1169 3596 eripiant.

115 3627 147 3638 -
161 3613 178 3645 a
191 3614 230 3648 ma
241 3596 292 3647 tibi
302 3597 389 3648 laetus
399 3609 470 3645 mooe
479 3595 528 3647 ool.
542 3604 592 3646 cet.
608 3594 683 3662 quod
694 3608 780 3645 meam
796 3543 1076 3661 calamitatemdugea
1114 3588 1168 3642 uod

71 3709 74 3716 ,
114 3670 189 3713 tuam
204 3664 311 3729 metuis,
322 3659 398 3733 quod
409 3675 452 3712 me
463 3659 602 3714 absentem
611 3657 750 3714 desideras
763 3669 812 3712 ete.
826 3659 889 3711 milri
905 3668 1046 3728 acceptum
1060 3608 1168 3710 reierro

115 3724 207 3780 debes.
226 3760 255 3773 -
290 3741 374 3781 metus
389 3739 461 3787 tuae,
477 3743 511 3779 ne
529 3724 622 3780 eadem
639 3737 665 3778 tc
683 3738 798 3796 quoque
814 3724 913 3777 inimici
930 3721 1017 3776 nostri
1036 3723 1169 3776 calamita·

116 3802 144 3844 te
165 3792 290 3864 affligant.
305 3827 336 3837 -
378 3793 532 3844 desidorium
549 3793 601 3845 mei
616 3791 742 3845 absentis.
756 3823 788 3832 -
821 3807 927 3841 maeror
944 3806 976 3841 ex
993 3788 1170 3843 meacalami·

116 3867 183 3911 tute.
202 3890 236 3901 -
266 3879 306 3911 me
322 3878 339 3911 o
357 3872 382 3911 tc
398 3860 449 3910 vid.
465 3859 546 3910 nolui.
580 3859 622 3912 cf.
638 3856 672 3909 ad
692 3863 739 3910 att
761 3856 893 3930 3‚9init.
917 3855 947 3920 3,
963 3875 993 3925 7,
1008 3856 1076 3911 3.-.
1110 3854 1169 3905 reti·

116 3941 228 3995 querat,
247 3926 362 3979 triennio
379 3935 441 3977 aute
457 3923 484 3976 iu
505 3924 596 3977 Asiam
619 3923 786 3997 provinciam
809 3922 992 3993 proficiscens.
1011 3956 1042 3966 -
1080 3936 1169 3989 prose·

115 4002 242 4060 quantem.
275 3991 334 4044 Non
352 3993 440 4043 solum
459 3990 624 4062 propinqui,
641 3988 687 4042 sed
708 3988 788 4043 etiam
809 3989 886 4043 amici
909 3991 1110 4059 proficiscentes
1134 3980 1169 4033 ad

118 4056 269 4126 provincias
285 4057 509 4113 administrandas
523 4069 601 4112 extra
620 4055 718 4112 urbem
736 4055 867 4128 prosequi
884 4055 1017 4110 solebant.
1051 4054 1119 4107 Hinc
1134 4048 1173 4103 ad
