3009 5067
530 304 643 373 uun
685 303 789 373 nan.
1141 301 1185 372 ar
1276 258 1279 265 ’

132 487 258 559 disset:
279 493 330 559 sio
350 496 386 558 tu
405 486 484 557 mihi
504 484 631 556 videris
651 489 687 555 in
708 487 867 557 Sardinia
887 486 929 555 de
945 487 1049 555 formu
1063 479 1186 554 Numi·

130 601 227 665 siena
247 602 282 666 et
303 597 346 667 de
364 595 552 664 nominibus
567 593 804 681 Pomponianis
824 593 860 659 in
878 593 945 658 otio
962 592 1186 679 recogitasse.

130 701 205 773 Sed
225 724 293 793 ego
315 703 424 771 adhue
444 704 509 770 emi
528 699 620 768 nihil.
671 697 844 768 Culleonis
871 698 982 766 auctio
1008 697 1101 765 laeta
1119 702 1185 765 est.

129 810 322 877 'Tusculano
351 811 455 874 emtor
480 823 575 874 nemo
603 806 675 875 fuit.
729 805 770 874 Si
798 804 942 872 conditio
970 799 1073 871 valde
1100 804 1187 873 bona

130 919 249 1007 luerit,
270 915 426 982 fortassis
441 931 507 981 non
524 914 683 980 omittam.
726 904 780 980 De
795 910 1027 979 aedificatione
1043 914 1101 1002 tua
1114 909 1187 997 ΟΥ·
1226 892 1262 960 2,

130 1045 203 1091 rum
232 1041 360 1110 urgere
388 1041 457 1089 non
485 1039 594 1089 cesso.
651 1020 762 1108 Spero
792 1036 868 1086 eum
896 1020 931 1086 in
962 1018 1072 1091 officio
1104 1017 1188 1086 fore,

133 1128 206 1199 Sed
236 1131 342 1195 omnia
372 1132 451 1195 sunt
482 1127 632 1194 tardiora
659 1129 798 1214 propter
830 1119 978 1218 furiosae
1006 1124 1188 1216 aedilitatis

133 1237 429 1325 exspectationem.
470 1234 558 1302 Nam
578 1233 708 1301 comitia
728 1233 803 1301 sine
822 1252 915 1300 mora
935 1232 1049 1299 sutura
1065 1230 1191 1300 viden-1

131 1349 205 1410 ture
226 1342 337 1409 adleta
358 1346 437 1408 sunt
457 1360 488 1408 a.
510 1340 543 1407 d.
563 1341 617 1406 XI
635 1337 712 1406 Kal.
733 1337 834 1405 Febr.
885 1338 937 1404 Te
957 1343 1069 1405 tamen
1088 1337 1185 1406 solli-

130 1451 229 1518 eitum
250 1447 438 1516 esse'nolo.
486 1445 591 1516 Omne
611 1463 723 1534 genus
745 1445 883 1513 anobis
904 1444 1069 1512 cautionis
1089 1446 1187 1514 adhi-

128 1554 273 1622 bebitur.
314 1550 368 1618 De
383 1569 471 1639 rege
486 1548 719 1619 Alexandrino
737 1551 862 1617 sactum
881 1555 935 1617 est
948 1555 1086 1620 senatus
1102 1573 1186 1622 eon·
1228 1543 1262 1610 9·

130 1661 273 1747 sultam,
305 1676 378 1726 oum
402 1657 611 1725 multitudiue
632 1675 706 1726 eum
728 1645 865 1747 reduci,
893 1653 1116 1746 periculosum
1135 1660 1187 1728 rei

130 1837 285 1901 accedisse&
307 1836 436 1892 nimirum
453 1845 531 1890 extra
547 1833 735 1916 pomoerium,
747 1831 878 1906 'indeque
896 1834 961 1890 altio
976 1834 1186 1890 tabernaculum

129 1900 1188 2047 ttotiantemdeesetdtt⁰atla⁰tttttidtdtt

128 2035 214 2101 Plan,
236 2034 484 2102 ol.Gell.ro,1o
523 2032 612 2087 Hand.
628 2030 748 2087 adstat.
767 2032 834 2088 Salv.
852 2032 911 2087 ld.
932 2051 963 2104 9,
1000 2031 1092 2101 ὠόπ.)
1115 2031 1187 2085 aedr-

129 2099 199 2175 lieii,
221 2098 297 2168 quod
313 2096 433 2173 Quintus
446 2096 475 2149 in
490 2070 597 2149 l'alatio
615 2091 679 2148 loeo
702 2096 803 2167 prioris
824 2098 928 2150 exstrui
948 2050 1075 2165 rofebat,
1097 2114 1113 2153 e
1131 2097 1187 2152 Nn·

130 2162 209 2215 masio
222 2162 374 2216 architecto
389 2161 499 2214 factam.
532 2163 568 2216 V.
586 2176 630 2231 ep.
646 2176 704 2230 seq.
721 2165 746 2229 ς.
760 2178 776 2230 7
782 2179 792 2229 3
808 2163 839 2227 4,
862 2158 885 2227 §.
901 2179 933 2232 a,
956 2163 988 2230 6,
1004 2160 1026 2231 §.
1038 2164 1063 2221 ὃ.
1083 2197 1115 2208 -
1157 2165 1189 2217 ds

132 2230 279 2279 unanimiter
293 2226 493 2293 Pomponianis,
510 2222 544 2277 de
582 2224 677 2278 ecunia
692 2241 776 2295 quam
791 2223 877 2278 debes
889 2227 989 2283 Anien.
1007 2258 1040 2272 -
1072 2230 1123 2281 Sed
1137 2247 1187 2297 ego

132 2293 218 2345 addua
236 2295 288 2344 emi
300 2292 373 2346 mad.
408 2292 484 2345 Haec
503 2307 545 2344 vv.
560 2243 673 2345 Bonum
742 2299 755 2344 t
768 2308 793 2343 v.
809 2291 939 2342 Galim
954 2292 1132 2357 uuetiofuatu
1147 2306 1187 2345 est

131 2357 260 2430 ponenda
274 2356 387 2414 oensnit
422 2355 510 2411 Orell.
527 2354 641 2410 veroad
655 2355 682 2409 t.
710 2356 757 2409 .s‘
775 2354 929 2428 quidquam
950 2358 1126 2426 mutandum,
1149 2359 1188 2411 iu·

131 2424 209 2496 quit,
232 2424 279 2475 sed
292 2421 396 2495 poterit
420 2419 522 2490 deleri,
546 2431 579 2475 ut
605 2421 685 2474 iaeile
701 2431 795 2475 ortum
815 2437 848 2474 ex
871 2421 1050 2503 geminatione
1066 2418 1188 2492 syllabae

131 2488 260 2562 praeced.
275 2521 306 2535 -
340 2487 472 2540 Culleonis
489 2489 587 2544 mono.
621 2487 764 2542 Culleonis
777 2488 964 2543 mortuibona
979 2487 1111 2544 haeredes
1126 2505 1189 2542 auo·

131 2556 206 2611 tione
217 2553 410 2619 vendiderant,
425 2563 538 2623 praeter
551 2554 747 2622 Tusculanum,
764 2553 809 2607 oui
821 2569 904 2608 nemo
919 2564 1009 2608 emtor
1019 2554 1084 2621 tuit,
1101 2552 1190 2627 quod·

128 2638 188 2694 que
201 2621 442 2689 Cioer0„auotore
455 2618 574 2673 fortasse
586 2620 685 2684 tratre,
697 2635 791 2673 emere
804 2620 907 2684 uolua,
922 2630 955 2674 ut
966 2636 1018 2675 suo
1031 2622 1190 2675 Tusculano

131 2684 247 2761 praedio
265 2686 427 2759 propinque
446 2683 569 2740 adderet.
583 2717 617 2728 -
655 2686 814 2747 rumano,
833 2685 990 2755 Culleonis,
1007 2704 1063 2742 aon
1078 2687 1191 2742 Cicero·

130 2754 173 2808 nis
180 2793 207 2876 ἔα
216 2753 265 2874 qtui
277 2751 586 2872 ⁰⁰⁰⁸i¹ffiiff⁰fflffi
600 2749 794 2872 sTuligleffindi
808 2750 857 2823 (od
871 2753 928 2809 tn.
944 2755 975 2820 4,
988 2770 1018 2822 a,
1034 2760 1072 2825 7.)
1091 2763 1189 2826 poetae

131 2838 180 2875 mu
197 2838 263 2955 ea.
296 2837 398 2957 Csaem
415 2854 603 2938 arehiteotum.
639 2902 664 2937 r.
679 2835 722 2956 οξ.
739 2859 775 2936 ad
788 2888 846 2939 att.
860 2899 893 2950 a,
904 2886 936 2951 d,
951 2889 977 2964 5.
990 2900 1014 2940 u.
1035 2883 1070 2938 ad
1087 2883 1142 2941 dir.
1157 2900 1189 2954 7,

134 2952 412 3033 14.proldilea.r7.
437 2982 471 2995 -
504 2947 568 3018 sur.
583 2950 747 3013 reddituum,
773 2966 857 3021 quarn
878 2945 992 3028 Glotlsue
1050 2950 1132 3005 tebet.
1154 2981 1188 2995 -

130 3020 239 3070 eumatio
261 3014 399 3084 aeddioia,
415 3012 522 3089 quihus
545 3013 659 3070 Clodius
683 3015 804 3069 omniurn
827 3011 998 3088 suffragine
1035 3016 1078 3071 iiis
1098 3016 1189 3071 fastan

133 3091 184 3138 est.
199 3111 233 3128 .-
266 3084 350 3136 adiuta
363 3094 447 3143 aaut,
471 3079 560 3135 edicto
580 3083 727 3152 eunonium
737 3081 893 3136 Marcellini
909 3092 937 3135 et
954 3080 1081 3155 Philippi.
1097 3113 1130 3125 -
1164 3099 1190 3135 a.

134 3148 161 3204 d.
179 3149 219 3202 Xl
233 3148 293 3203 Kal.
306 3148 382 3204 Febr.
422 3146 540 3201 ssomitia
556 3146 693 3216 aedilitia,
716 3164 792 3220 quae
810 3163 843 3201 ex
860 3163 937 3201 more
954 3164 1026 3202 anno
1043 3148 1189 3218 superiore

131 3212 194 3267 fieri
209 3210 363 3279 debebant,
380 3227 413 3265 eo
428 3228 517 3282 usque
535 3222 623 3267 traete
640 3224 735 3281 arant,
773 3213 817 3268 uia
832 3213 896 3269 Mur
951 3213 1012 3267 inus
1030 3213 1132 3283 aliique
1150 3214 1191 3265 iu-

133 3276 236 3356 ditium
252 3276 341 3331 Clodii
356 3275 391 3329 de
405 3276 508 3329 viante
521 3278 629 3332 uomina
645 3280 707 3333 fleri
723 3299 740 3332 r
772 3290 885 3348 ueram,
937 3278 1018 3334 odius
1036 3294 1115 3343 vero,
1131 3293 1189 3349 quo

132 3342 262 3398 iudicium
285 3342 435 3415 effugeret,
463 3342 643 3397 contenderat
663 3355 694 3398 ut
717 3346 826 3400 comitia
846 3346 951 3400 iudicis
970 3343 1191 3410 anteferrentur,

133 3426 191 3482 qus
207 3409 241 3462 de
259 3425 340 3463 causa
357 3406 464 3466 comitia
478 3407 554 3463 ultra
570 3408 718 3481 legitimum
740 3420 850 3483 tempus
869 3411 1006 3483 producta
1024 3413 1111 3463 erant.
1145 3409 1188 3464 Cf.

133 3495 149 3532 e
171 3469 317 3533 ,amaeam
333 3471 407 3528 etad
423 3477 480 3528 Art.
497 3476 528 3541 4,
543 3474 567 3529 3.
583 3505 615 3520 -
648 3478 795 3539 osutiom's,
810 3493 846 3530 ne
868 3475 936 3548 quid
956 3486 1053 3530 noueat
1065 3471 1191 3545 Clodius,

133 3563 157 3599 st
173 3541 268 3596 aeditis
284 3541 369 3600 fuerit
385 3549 502 3596 creatus.

200 3610 265 3677 td.
298 3609 338 3658 Dr
355 3624 386 3657 re
406 3626 419 3657 e
436 3606 628 3668 Alaeaadrriro,
647 3607 807 3663 Ptolemaeo
821 3611 938 3676 Aulete,
954 3622 1034 3693 patre
1049 3608 1124 3676 eius,
1140 3609 1190 3682 qui

135 3676 201 3729 Poro
224 3676 295 3752 eiam
310 3623 426 3752 interfici
440 3672 535 3738 iussit,
559 3683 589 3727 et
604 3672 789 3745 Cleopatrae,
811 3674 849 3731 ob
866 3679 1021 3744 avaritiam,
1046 3678 1190 3732 erudelita-

135 3692 372 3808 temflibrdinem,
386 3754 473 3806 regno
491 3738 587 3809 pulsus
605 3736 638 3791 ad
654 3751 778 3795 senatum
794 3742 956 3815 confugerat
993 3743 1140 3814 aiebatque
1158 3752 1190 3797 ut

136 3806 344 3871 restitueretur,
370 3802 446 3876 quud
463 3801 572 3860 demum
589 3804 691 3858 laetum
708 3817 749 3860 est
766 3823 782 3859 u
801 3809 936 3874 Gabinio,
981 3809 1055 3878 yrias
1072 3826 1192 3881 pronon·

134 3871 213 3936 sule,
228 3872 276 3941 qui
292 3873 387 3924 decem
405 3868 526 3923 millibus
541 3869 710 3924 talentorum
728 3871 864 3941 donatus,
879 3876 1118 3947 provinciaeauae
1135 3886 1189 3929 ter-

137 3934 217 3993 minis
230 3953 371 4055 agasones,
393 3952 486 4054 rcriggm
502 3935 641 4004 retutuit,
663 3947 691 3991 et
704 3950 802 4010 postea
818 3940 888 4021 hano,
900 3940 938 3995 ob
955 3958 1064 3997 eausam
1082 3941 1191 4019 damna·

135 4012 405 4148 ‘tramant
419 4019 621 4148 atauus
713 4008 1190 4148 ,offerateumoratam

136 4088 207 4194 {tto
221 4134 351 4191 urbanus
367 4136 405 4206 pl.
422 4152 450 4188 m
466 4145 562 4190 senatu
579 4148 691 4191 monuit.
