3009 5067
519 314 837 416 ubilibet,
919 373 924 378 .
1004 312 1008 331 '
1113 309 1180 383 127

122 517 180 568 ser
206 497 252 566 arl
279 515 332 565 me
351 492 430 563 Kal.
452 494 551 581 Sept.
574 491 668 560 dedit
685 495 824 583 blm,
856 510 940 583 quas
967 516 1036 587 ego
1064 501 1181 587 accepi
1282 468 1288 477 ἕ

121 627 153 675 a.
173 605 206 675 d.
222 605 304 672 1111.
319 603 397 671 Kal.
411 601 572 689 Octobr,
593 601 679 667 setis
701 602 892 669 commodas
913 602 957 669 de
977 604 1181 672 Britannicis

120 713 242 782 rebus:
274 706 422 799 quibus,
444 727 488 774 ne
509 706 672 797 admiror,
695 708 783 796 qnod
805 728 826 775 a
846 714 881 777 te
902 709 1014 777 nullas
1034 726 1181 798 accepe-

7 810 9 817 ’
122 821 202 910 rim,
223 818 341 886 scribit
361 834 402 883 sc
422 816 497 883 sine
517 819 553 884 te
574 816 701 905 luisse,
722 832 819 902 quum
842 815 887 882 ad
907 834 997 884 mare
1018 836 1180 885 accesse-

125 927 180 993 rit.
230 923 369 990 Adeas
390 940 459 1010 ego
481 924 513 992 ei
533 922 650 992 literas
671 918 754 989 nihil
780 923 960 1013 rescripsi,
987 946 1033 994 ne
1058 931 1181 1016 gratu-

123 1031 217 1098 landi
231 1030 363 1117 quidem
378 1048 500 1119 cause,
520 1034 659 1117 propter
673 1030 746 1096 eius
764 1030 899 1098 luctum.
943 1031 993 1098 Te
1010 1051 1068 1099 oro
1083 1035 1181 1099 etiarn

121 1143 224 1225 atque
244 1139 363 1223 etum,
384 1138 428 1203 mi
450 1136 575 1225 irater,
596 1139 634 1202 ut
654 1136 785 1203 valeas.

422 1507 424 1510 >
475 1455 742 1534 belsrotnt
777 1458 826 1532 11.

144 1658 146 1661 .
184 1600 292 1676 Scripta
313 1598 414 1685 Rornae
434 1597 465 1658 V.
486 1597 524 1658 ld.
546 1598 657 1658 Octobr.
678 1598 711 1656 A.
731 1597 764 1656 U.
786 1596 815 1657 C.
838 1599 897 1658 too
919 1603 958 1673 (a.
981 1599 1043 1659 Cbr.
1065 1600 1121 1674 bl]

511 1695 608 1757 iisdem
629 1695 795 1759 consulibus.
1099 1708 1101 1715 ⁴

123 1841 332 1907 depromentem.
368 1832 515 1890 Gabinium
535 1834 563 1889 in
583 1844 680 1888 senatu
697 1842 842 1900 vexatum,
864 1849 880 1886 a
897 1833 1027 1888 Memmio
1043 1835 1078 1888 ad
1096 1853 1184 1909 popu-

221 1918 280 1970 lum
297 1914 418 1990 graviter
435 1926 609 1984 accusatum,
633 1916 748 1987 eiusque
770 1915 899 1969 iudicium
918 1917 1041 1988 proxime
1057 1919 1184 1973 futurum

222 2008 320 2052 namet
338 2015 425 2055 r-u.
464 1997 569 2052 Deinde
586 1998 634 2070 qui
651 1997 769 2051 ambitus
786 1997 827 2050 rei
843 1997 914 2064 sint,
940 1998 1004 2051 item
1020 1997 1055 2053 de
1071 1999 1184 2056 comitiis

222 2080 432 2145 consularibus,
449 2078 483 2132 de
500 2079 584 2151 Appii
601 2079 629 2132 in
647 2079 768 2135 Ciliciam
785 2078 957 2133 successione
975 2080 1064 2135 refert
1079 2081 1104 2136 3.

290 2214 292 2217 ⁵
388 2225 579 2294 MARCUS
607 2224 648 2308 Q.
676 2225 852 2293 FRATRI
879 2227 919 2296 S.

7 2402 8 2449 ἐ
205 2350 249 2416 A.
264 2349 297 2415 d.
312 2349 372 2415 VI.
389 2349 440 2417 ld.
456 2348 593 2444 Octobr.
636 2347 775 2416 Salvius
798 2348 928 2418 Ostiam
948 2350 1086 2436 vesperi
1104 2350 1185 2417 navi
1225 2360 1256 2425 1,

7 2512 9 2533 ,
122 2453 296 2540 profectus
318 2459 393 2521 erat
415 2474 489 2521 curu
509 2455 551 2520 iis
572 2454 691 2539 rebus,
713 2470 798 2539 quas
819 2452 879 2519 tibi
901 2453 995 2520 domo
1017 2453 1101 2520 mitti
1118 2473 1184 2522 vo·

7 2586 8 2589 ¹
124 2561 247 2627 lucras.
299 2560 429 2628 Eodem
459 2561 513 2628 die
543 2559 720 2628 Gabinium
748 2559 794 2626 ed
824 2559 983 2649 populum
1013 2560 1183 2628 luculente
1245 2598 1247 2603 ·
1364 2613 1370 2627 .

124 2664 328 2732 calefecerat
340 2664 515 2734 Memmius
530 2667 600 2750 sic,
622 2670 660 2732 ut
675 2665 805 2733 Calidio
826 2667 966 2734 verbum
986 2667 1101 2734 iacere
1121 2686 1183 2754 pro

124 2791 166 2840 eo
193 2791 262 2838 non
291 2772 432 2838 licuerit.
482 2772 652 2840 Postridie
674 2778 787 2842 eutem
807 2776 880 2841 eius
910 2774 995 2861 diei,
1029 2776 1084 2861 qui
1111 2778 1186 2840 erat

7 2924 12 2933 -
124 2885 194 2946 tum
220 2879 371 2970 loturus,
391 2900 498 2978 ,quum
526 2879 611 2971 baec
631 2880 819 2946 scribebam
840 2884 919 2946 ente
938 2880 1064 2965 lucem,
1095 2879 1184 2968 apud

125 2984 288 3053 Catonem
309 2991 385 3055 erat
405 2987 566 3053 divinatio
587 2988 622 3052 in
644 2985 818 3053 Gabinium
839 2987 953 3053 sutura
973 2987 1060 3053 inter
1074 2987 1185 3053 Mem-

192 3196 216 3262 §.
233 3192 273 3246 ab.
299 3194 367 3242 satri
380 3193 544 3254 eoarmodes,
558 3194 622 3248 satie
635 3189 784 3260 iucundas,
799 3191 902 3245 bellurn
914 3190 1099 3245 Britannicum
1114 3189 1185 3243 bene

125 3256 277 3313 succedere
296 3256 458 3310 nuntiantes.
472 3288 507 3302 ·-
539 3262 594 3310 erbe
611 3270 653 3321 te,
668 3258 766 3312 relicto
790 3257 817 3310 in
841 3259 971 3311 interiore
990 3255 1137 3311 Britannia.
1151 3288 1184 3299 -

123 3325 410 3463 fflfflssssbprss
415 3323 490 3376 bello
504 3333 600 3396 gestas.
614 3358 645 3368 -
681 3326 782 3378 lustum
797 3322 834 3376 ob
852 3325 934 3377 liliam
949 3334 1039 3376 morte
1052 3322 1185 3375 amissam.

533 3481 713 3536 corstona
739 3482 775 3536 11.

189 3556 213 3619 ς.
234 3566 258 3602 ι.
291 3548 405 3599 Salvius.
429 3550 464 3603 V.
477 3563 520 3618 ep.
535 3548 663 3619 praeced:
678 3554 702 3668 §5
719 3565 758 3601 ar.
771 3580 805 3595 -
838 3550 992 3610 Gabinium,
1008 3545 1043 3601 de
1059 3557 1187 3619 repetun-

124 3615 166 3669 dis
181 3621 348 3668 accusatum.
386 3615 420 3669 V.
436 3629 479 3685 ep.
492 3617 614 3668 anteced.
629 3622 656 3683 ς.
671 3634 679 3666 ι
703 3646 756 3668 .-
790 3616 828 3666 ad
838 3616 967 3684 populum
984 3615 1000 3667 i.
1015 3630 1038 3667 e.
1056 3614 1185 3667 concione

125 3679 161 3733 ad
216 3680 329 3751 pulum,
353 3696 436 3750 quern
451 3697 505 3750 pro
521 3690 656 3753 potestate
670 3679 816 3733 tribunicia
832 3680 1015 3734 advocaverat
1030 3681 1184 3733 Memmius.

126 3776 158 3787 -
175 3698 304 3798 &cubate
316 3748 373 3799 cele
386 3758 489 3808 ecerat,
507 3747 684 3800 vehementer
702 3756 857 3801 vexaverat.
892 3748 954 3798 lluc
974 3745 1092 3816 pertinet
1108 3743 1185 3816 quod

127 3810 348 3876 Val.llla1.8‚r.
378 3813 477 3865 ceritu
488 3811 568 3865 buius
577 3812 715 3866 concionis
727 3822 878 3867 narret-
896 3813 935 3865 M.
947 3813 1059 3873 Calrdrb,
1071 3811 1185 3865 oratori.
1266 3827 1268 3830 ·

90 3911 93 3918 -
126 3878 164 3934 V.
182 3892 265 3946 supra
282 3877 316 3930 ad
333 3896 356 3943 r,
370 3878 397 3944 3,
411 3896 436 3945 7.
451 3910 485 3923 -
518 3880 653 3941 Catonem,
669 3889 827 3949 praetorem
847 3877 881 3930 dc
896 3876 1055 3948 repetundis
1072 3894 1184 3959 coguos-

7 3954 9 4011 ζ
126 3951 242 3994 centem.
276 3945 312 3997 V.
327 3960 370 4015 ep.
387 3941 513 4016 praeced.
528 3950 551 4012 ς.
567 3947 605 3999 rb.
622 3976 653 3985 -
686 3945 814 3997 debebatis
837 3944 853 4001 i,
871 3960 894 3996 e.
910 3945 1050 4015 quaestio,
1067 3961 1130 4015 quis
1147 3942 1185 3996 in·

7 4068 9 4087 ἱ
125 4017 172 4061 ter
189 4007 300 4078 plures,
316 4011 364 4080 qui
380 4025 511 4063 accusare
527 4010 638 4075 volunt,
662 4009 697 4064 sit
710 4009 903 4064 admittendus.
936 4010 981 4063 Sic
997 4012 1121 4062 debebaris
1139 4023 1185 4078 ep·

126 4072 251 4144 pelletur.
262 4073 401 4129 Ciceronis
417 4077 506 4130 oratio
523 4076 550 4129 iu
569 4078 704 4142 Verrem,
721 4077 746 4128 in
764 4092 819 4147 qua
838 4076 986 4148 agebatur,
1010 4085 1104 4128 utrum
1118 4074 1195 4145 Cae-0

7 4142 9 4149 ⁴
126 4132 224 4208 cilius,
242 4140 339 4209 Verris
353 4153 501 4212 quaestor,
517 4160 551 4196 an
571 4142 671 4196 Cicero
687 4145 807 4198 Verrem
824 4152 976 4197 accusaret.
1007 4146 1071 4194 Aac.
1090 4135 1184 4191 Pedia·
