3009 5067
325 257 395 328 1¹8
473 260 512 324 tt.
527 258 558 321 Τ.
578 256 761 322 CICERONIS
782 255 933 320 aristot.
953 255 1002 317 no
1023 255 1054 327 Q.
1074 253 1242 321 FRATREM
1314 276 1318 281 ¹

325 445 425 510 mium
450 445 487 508 et
516 439 568 505 Ti.
595 438 767 506 Neronem
796 443 831 504 et
862 436 901 505 G.
929 439 966 502 et
992 437 1246 525 intimamus,
1277 436 1323 503 Μ.
1343 438 1389 504 F.

327 548 530 616 Putabumus
551 546 644 634 iore,
666 548 703 610 ut
715 544 871 611 Memmio
891 540 1047 626 daretur,
1068 543 1223 610 etsierat
1235 543 1388 612 Neronis

328 654 412 720 mira
432 650 615 718 contentio.
658 647 745 733 Quid
766 639 934 735 quaeris?
975 648 1087 717 Probe
1107 651 1289 740 premitur,
1319 653 1389 718 nisi

329 761 446 826 noster
474 757 654 843 Pompeius
682 756 750 849 ⁸diis
782 756 1034 841 hominibusque
1063 755 1181 822 invitis
1211 758 1388 844 negotium

255 864 289 933 t.
331 864 502 932 everterit.
551 860 733 951 cognosce
761 880 851 928 nunc
876 863 1018 929 hominis
1039 861 1231 950 audaciam,
1259 870 1294 931 et
1318 864 1387 930 ali-

331 971 409 1059 quid
428 973 465 1037 in
484 988 522 1036 re
541 970 675 1057 publica
693 968 826 1056 perdita
847 969 1028 1037 delectare.
1080 966 1188 1052 Quum
1208 964 1388 1058 Gabinius,

332 1094 528 1168 quacunque
547 1075 727 1159 veniebat,
759 1076 956 1162 triumphum
983 1094 1023 1143 se
1051 1077 1225 1163 postulare
1245 1076 1391 1143 dixisset

332 1186 505 1270 subitoque
537 1182 644 1248 bonus
674 1182 854 1266 imperator
882 1185 983 1247 noctu
1013 1180 1048 1245 in
1074 1180 1211 1265 urbem,
1244 1180 1391 1248 bostium

332 1293 453 1380 piane,
474 1289 677 1373 invasisset,
698 1289 731 1352 iu
750 1292 904 1353 senatum
917 1305 957 1354 se
969 1306 1036 1354 nou
1052 1287 1284 1354 committebat
1326 1287 1390 1353 ln-

332 1398 429 1466 terim
449 1397 523 1483 ipso
540 1394 667 1462 decimo
682 1392 759 1481 die,
780 1412 844 1480 quo
864 1410 940 1459 eum
960 1391 1137 1479 oportebat
1155 1391 1300 1458 hosfium
1321 1411 1391 1458 uu-

334 1675 388 1714 uus
406 1658 459 1713 boc
475 1657 603 1715 indicium
620 1670 765 1733 propterea
783 1661 820 1714 sic
839 1661 972 1732 appellari
988 1661 1099 1728 scribit,
1120 1661 1185 1735 quia
1199 1662 1256 1715 sina
1275 1660 1392 1716 testibus

334 1742 367 1778 ac
378 1726 481 1780 tabuiis
492 1738 565 1779 resa
586 1737 663 1793 atur,
678 1727 744 1782 solis
756 1730 921 1799 argumentis
931 1727 1162 1782 coniecturalibus
1176 1739 1204 1781 et
1219 1725 1298 1781 nudis
1316 1744 1393 1799 prae

334 1791 524 1848 sumticaibua.
561 1743 595 1846 ὅ.
609 1794 682 1848 Geli.
699 1794 733 1847 N.
746 1797 780 1845 Α.
796 1811 827 1861 a,
841 1798 866 1860 4.
882 1792 976 1865 ibique
992 1795 1077 1864 intpp.
1099 1820 1132 1833 -
1164 1796 1267 1848 Menam.
1288 1805 1313 1843 et
1338 1794 1391 1846 Tib.

334 1858 431 1911 Neron.
467 1861 502 1914 V.
519 1855 554 1911 nd
575 1864 597 1925 ς.
615 1860 651 1912 ι5.
672 1876 714 1930 ep.
735 1858 860 1913 anteced.
877 1891 909 1901 -
943 1863 971 1916 0.
985 1874 1010 1912 et
1023 1864 1053 1913 L.
1067 1862 1211 1921 Antonios,
1233 1860 1334 1912 iratres
1350 1859 1392 1912 M.

335 1923 447 1977 Antonii
469 1922 620 1991 triumuiri,
641 1925 711 1979 tilios
730 1926 818 1982 Marci
841 1928 913 1991 eiua,
937 1926 985 2006 qui
1000 1926 1115 1980 factione
1131 1923 1243 1996 Cethegi
1260 1935 1288 1978 et
1304 1924 1394 1995 gratia

337 1990 432 2043 Cottae
451 1990 571 2043 consulis
588 1989 720 2045 infinitum
738 1990 883 2062 imperium
901 2002 984 2046 totius
1003 2007 1070 2045 orae
1088 1989 1237 2043 maritimae
1253 2000 1349 2043 nactus
1369 2007 1395 2044 a.

337 2073 365 2107 u.
381 2055 446 2121 680,
463 2055 581 2109 Siciliam
599 2054 780 2128 depopulatus
797 2067 838 2111 est
862 2068 889 2111 ct
907 2059 934 2111 in
956 2058 1125 2129 expeditione
1144 2055 1288 2123 Cretensi,
1304 2072 1321 2108 a
1337 2072 1394 2126 qua

338 2121 463 2177 Creticus
478 2123 647 2192 appellatur,
664 2123 761 2194 periit·
781 2135 895 2193 nepotes
909 2127 947 2178 Μ.
962 2124 1073 2178 Antonii
1086 2122 1211 2177 oratoris.
1235 2126 1271 2177 V.
1286 2122 1395 2176 Wetzcl

337 2187 372 2241 ad
389 2187 447 2241 Cic.
460 2190 540 2244 Brut.
555 2191 596 2258 37.
611 2188 719 2245 Ernest.
736 2189 835 2243 c.Gic.
853 2223 886 2235 -
908 2190 975 2256 sora
991 2203 1031 2246 nt.
1058 2191 1164 2260 Zumpt.
1178 2195 1202 2308 ἓ
1214 2189 1316 2261 594-
1349 2189 1394 2238 da·

338 2265 415 2306 retur
428 2254 573 2308 accusatio.
589 2287 623 2299 -
655 2258 724 2306 mira
738 2257 881 2318 contentio,
898 2273 1003 2308 summo
1017 2255 1108 2310 studio
1122 2255 1177 2308 nite
1199 2266 1278 2318 atur,
1295 2264 1325 2308 ut
1337 2253 1394 2323 ipsc

338 2329 482 2373 accusator
497 2320 719 2374 constitueretur.
733 2351 768 2362 -
798 2324 929 2387 prentitnr
950 2322 1092 2376 Gabinius.
1110 2353 1143 2364 -
1175 2324 1309 2389 negotium
1324 2334 1393 2371 ener-

339 2389 419 2446 tert't,
447 2385 555 2440 irritum
576 2385 688 2453 reddat,
709 2386 819 2451 turbet,
842 2387 988 2441 Gabinium
1006 2388 1092 2461 gratia
1111 2403 1161 2440 aua
1183 2397 1211 2440 et
1234 2385 1396 2441 auctoritate

340 2449 518 2507 defendendo.
553 2453 589 2509 V.
608 2450 642 2505 ad
658 2468 699 2523 ep.
714 2451 841 2523 praeced.
856 2449 878 2520 i.
898 2453 935 2507 15.
953 2463 1021 2511 extr.

406 2574 430 2636 s.
446 2585 469 2624 a.
501 2571 528 2619 v'n
543 2569 690 2647 republica
725 2570 810 2622 erdr'ta
830 2571 978 2623 delectare:
1000 2567 1170 2626 Billerbecit.
1187 2568 1220 2623 ad
1240 2570 1266 2623 h.
1281 2571 1300 2624 i.
1317 2568 1397 2621 affert

233 2672 238 2681 .
342 2632 460 2706 deiegg.
479 2637 695 2703 a,7ttnitocu
714 2637 818 2687 modum
834 2637 949 2689 delector
967 2646 994 2690 et
1011 2635 1045 2690 ad
1062 2637 1115 2691 div.
1132 2638 1203 2706 6‚4:
1221 2639 1248 2688 r'n
1262 2637 1311 2689 bac
1326 2636 1401 2686 inani

339 2699 495 2770 prudentiae
513 2701 590 2751 leude
609 2700 741 2762 delector,
771 2713 801 2756 ut
821 2702 935 2774 prabet,
963 2702 1014 2756 hoc
1056 2720 1148 2775 uoque
1165 2704 1227 2756 ioco
1249 2702 1398 2755 ablativum

342 2782 404 2818 cum
432 2765 628 2837 praepositione
646 2767 765 2837 paudere
783 2783 839 2822 av.
859 2769 990 2821 delectari.
1023 2719 1110 2847 guae
1134 2769 1204 2822 ratio
1225 2767 1333 2819 minime
1352 2763 1398 2817 ad-

342 2829 472 2884 mittenda
493 2830 616 2899 videtur,
642 2850 727 2903 quum
750 2834 879 2887 delectare
896 2835 1021 2888 absolute
1041 2834 1156 2905 positum
1173 2835 1221 2899 ait,
1248 2830 1398 2902 quodiam

343 2896 483 2950 Manutius
503 2897 581 2965 vidit,
603 2900 652 2970 qui
670 2898 703 2950 ad
725 2900 750 2953 h.
768 2920 795 2953 v.
816 2899 1005 2971 explicandum
1023 2899 1114 2964 addit,
1141 2897 1223 2951 »odio
1243 2907 1354 2950 senatus
1370 2896 1399 2949 in

239 3028 242 3033 γ
344 2961 508 3029 Gabinium,
524 2980 617 3018 amore
637 2966 663 3018 in
682 2982 764 3032 men,
781 2975 809 3019 et
829 2984 870 3020 vv.
887 2969 914 3017 in
927 2966 1071 3035 republica
1084 2965 1188 3033 perdita
1202 2963 1275 3016 idem
1291 2964 1399 3016 valcant

344 3027 438 3099 quoda
456 3030 520 3082 iicet
534 3046 579 3083 ros
597 3032 705 3102 publica
720 3031 755 3085 sit
771 3030 884 3102 perdita.
902 3063 934 3075 -
979 3031 1131 3101 quocunqne
1148 3031 1265 3081 veniebat
1289 3028 1397 3082 rediens

345 3111 378 3147 ex
397 3095 543 3165 provincia.
562 3129 595 3140 -
636 3099 782 3169 subitoque,
801 3107 910 3169 praeter
928 3096 1174 3167 exspectationem.
1200 3113 1288 3167 quum
1306 3095 1399 3148 trium·

345 3160 431 3232 pirano
447 3161 535 3232 potius
546 3160 719 3233 ingressurus
731 3179 791 3216 esse
805 3162 954 3219 videretur.
970 3194 1003 3207 -
1030 3163 1112 3214 bonav
1127 3165 1281 3230 imperator,
1296 3160 1398 3213 ironice

346 3228 446 3282 dictum
454 3247 464 3297 3
481 3226 612 3298 siquidem
627 3229 706 3299 periti
721 3231 902 3300 imperatores
918 3238 1001 3282 noctu
1014 3231 1171 3297 irrumpunt
1182 3229 1209 3281 in
1221 3228 1338 3299 hostium
1354 3240 1399 3278 ur·

346 3297 413 3360 bes,
429 3292 562 3347 Gabinius
577 3310 643 3345 vero
661 3311 695 3348 ne
718 3312 780 3348 uam
797 3296 895 3349 tacitus
909 3306 995 3348 noctu
1011 3295 1140 3348 introivit.
1174 3295 1209 3346 V.
1225 3291 1249 3361 ἓ.
1266 3300 1303 3374 etp.
1321 3290 1397 3363 epist.
1482 3303 1484 3313 ²

347 3357 474 3433 praeced.
492 3391 526 3403 -
557 3360 670 3412 hortium
686 3310 780 3430 ptinere,
805 3378 891 3432 quum
910 3363 983 3414 cives
1002 3361 1029 3414 in
1050 3361 1166 3415 bostium
1184 3361 1264 3425 ioco,
1287 3373 1398 3428 ipseque

347 3427 386 3480 eis
401 3423 465 3479 odio
483 3435 561 3479 esset.
597 3426 684 3480 Orell.
699 3428 829 3482 coniecit:
848 3428 942 3480 hostili
952 3429 1028 3479 modo
1042 3428 1121 3496 plane
1128 3464 1139 3488 ,
1156 3444 1242 3498 quum
1258 3425 1332 3475 modo
1349 3437 1400 3502 per

347 3488 536 3561 compendium
551 3493 705 3560 scripturae
721 3493 876 3564 saepissime
888 3493 1104 3563 sitcorruptum.
1120 3524 1152 3536 -
1185 3493 1320 3542 encasr'sset
1334 3488 1400 3542 dixit

349 3557 447 3611 Cicero
466 3575 515 3626 pro
535 3561 687 3621 introisset,
713 3570 744 3612 ut
764 3559 952 3629 metaphoram
978 3560 1158 3611 continuaret.
1178 3589 1208 3598 -
1252 3558 1278 3605 in
1299 3571 1352 3605 sen.
1372 3572 1400 3605 se

348 3640 400 3673 non
416 3625 610 3688 contmr'ttebut;
627 3625 654 3677 ia
669 3635 794 3679 senatum
812 3625 904 3677 venire
921 3642 976 3677 nou
991 3623 1109 3678 eradebat
1123 3621 1172 3690 (ci.
1185 3619 1218 3673 de
1230 3624 1279 3672 hac
1296 3637 1320 3671 v.
1334 3635 1401 3672 com·

349 3691 452 3739 nuttere
473 3689 666 3763 significatione
682 3691 740 3746 Cic.
762 3708 812 3760 pro
828 3691 907 3745 Rosa.
925 3695 986 3744 Am.
1004 3691 1042 3743 ab.
1064 3690 1150 3743 Verr.
1163 3705 1193 3753 a,
1205 3689 1231 3751 4.
1254 3684 1331 3738 Sext.
1345 3686 1401 3752 54.)

349 3752 451 3823 quippe
467 3770 565 3809 exosus
581 3757 701 3823 senatui,
720 3767 867 3828 propterea
885 3755 961 3827 quod
980 3757 1078 3810 consul
1090 3755 1117 3809 in
1134 3752 1264 3807 concione
1281 3750 1401 3805 dixerat:

350 3820 615 3884 marchomirum
633 3826 712 3874 etaiam
724 3835 781 3874 turn
795 3836 917 3875 senatum
933 3822 1035 3893 nb'qna'd
1049 3825 1076 3873 in
1096 3819 1227 3890 republica
1243 3835 1320 3899 potas
1336 3817 1402 3869 arbi·

350 3895 558 3956 iterenturpro
573 3887 646 3942 Sext.
665 3905 701 3942 rt.
722 3919 755 3931 -·
789 3892 845 3957 ipsc
863 3889 958 3939 decimo
980 3890 1039 3949 die,
1062 3887 1097 3939 ab
1113 3884 1226 3939 introitu
1243 3901 1273 3937 m
1289 3882 1401 3948 urbem,

352 3951 408 4005 ie.
428 3950 505 4003 nouis
518 3953 595 4018 Oct.;
619 3970 680 4006 uam
698 3954 819 4007 introivit
836 3969 861 4011 a.
877 3952 905 4005 d.
921 3956 962 4008 IV
980 3954 1040 4007 itai.
1054 3954 1115 4006 Oct.
1132 3971 1156 4008 v.
1174 3948 1198 4017 i.
1215 3964 1255 4018 aq.
1272 3966 1318 4027 ορ.
1330 3957 1402 4001 ante·

351 4014 410 4071 ced.
447 4017 526 4072 Uitra
542 4015 675 4071 decimum
694 4018 764 4072 diem
779 4017 890 4072 differre
901 4036 957 4072 uon
973 4018 1062 4090 potuit
1079 4018 1107 4070 iu
1118 4027 1243 4071 senatum
1260 4030 1359 4070 venire.
1371 4043 1404 4056 -

325 4088 333 4101 '
353 4099 403 4151 quo
417 4100 482 4136 eum.
516 4082 623 4154 Vulgo:
638 4101 688 4154 quo
702 4085 794 4151 r'psnm.
810 4115 843 4127 -
876 4087 989 4139 bmtittm
999 4098 1158 4138 caesorum.
1172 4114 1205 4128 ·-
