3009 5067
336 285 388 355 34
484 287 519 349 Μ.
540 288 570 349 Τ.
592 284 775 349 CICERONIS
795 283 948 348 aaaron.
968 284 1016 345 An
1038 285 1069 356 Q.
1089 285 1257 346 FRATREM

209 492 253 557 ῃ,
275 488 313 556 4,
416 468 519 534 Nunc
539 463 749 552 respondebo
770 463 815 529 ad
833 479 893 529 eas
914 462 1097 551 epistolas,
1116 481 1203 550 quas
1219 462 1298 529 milri
1312 463 1396 530 red·

336 575 420 643 didit
440 576 483 639 t..
502 573 646 642 Caesius
665 606 707 619 -
727 570 803 658 cui,
825 570 978 655 quoniam
997 571 1046 636 ita
1067 575 1102 638 te
1118 570 1211 637 velle
1227 570 1395 658 intelligo,

336 684 426 752 nullo
453 682 537 748 loeo*
557 679 658 746 deero
687 713 728 728 ·-
754 695 893 764 quarum
920 675 1030 742 altera
1056 681 1110 766 est
1138 675 1182 742 de
1208 675 1395 748 Blandenio

334 789 513 877 Zeuxide,
544 805 641 874 quern
668 784 791 851 scribis
817 784 1038 850 certissimum
1063 783 1272 850 matricidam
1292 784 1396 849 tibia

220 941 224 949 -
336 915 389 964 me
409 896 525 962 intime
546 892 781 962 commendari.
834 892 908 975 Qua
936 890 979 957 de
999 909 1038 957 re
1059 895 1096 957 et
1117 890 1160 957 de
1179 892 1245 960 hoc
1265 908 1400 979 genere

335 1008 427 1092 toto,
458 1019 502 1067 ne
530 1002 617 1085 torte
642 1017 696 1065 me
723 1001 760 1065 in
780 996 931 1065 Graecos
951 1003 1019 1064 tam
1039 998 1250 1065 ambitiosum
1269 1000 1393 1065 iactum

335 1126 415 1176 esse
436 1108 574 1191 mirere,
606 1121 716 1191 pauca
736 1120 917 1191 cognosce.
972 1105 1051 1193 Ego
1072 1119 1171 1192 quum
1191 1105 1394 1174 Graecorum

335 1211 492 1301 querelas
519 1210 652 1274 nimium
680 1208 796 1274 valere
816 1213 977 1277 sentirem
997 1218 1132 1299 propter
1151 1189 1318 1278 hominurn
1338 1214 1394 1278 in·

334 1320 438 1408 genta
458 1315 501 1382 ad
514 1314 695 1382 tollendum
714 1319 856 1402 parata:
878 1335 1093 1404 quoscumque
1111 1316 1153 1382 de
1167 1322 1202 1382 te
1218 1318 1312 1402 queri
1328 1335 1394 1381 au-

268 1467 275 1478 «
335 1425 426 1510 divi,
454 1441 655 1524 paucumque
675 1424 768 1509 potui
788 1423 921 1491 ratione
943 1422 1086 1511 placavi.
1140 1424 1285 1488 Primum
1305 1423 1394 1489 Dio-

334 1531 569 1620 nysopolitas,
604 1521 661 1618 qdi
692 1535 791 1597 erant
820 1530 1060 1618 inimicissimi,
1094 1530 1220 1597 lenivi:
1254 1548 1394 1616 quorum

334 1638 517 1725 principem
538 1631 756 1725 Hermippum
786 1657 854 1703 non
882 1637 991 1701 solum
1024 1654 1179 1703 sermone
1207 1653 1300 1725 meo,
1330 1634 1394 1701 sed

334 1744 436 1809 etiam
456 1742 683 1810 familiaritate
703 1740 850 1807 devinxi.
892 1741 973 1827 tago
988 1744 1217 1828 Apamensem
1232 1743 1393 1829 Hephae·

333 1852 440 1936 stum,
472 1863 541 1935 ego
569 1847 777 1914 levissimum
798 1846 984 1936 hominem,
1013 1848 1238 1935 Megaristum
1259 1853 1393 1914 Antan-

333 1952 459 2041 drium
487 1970 554 2043 ego
576 1952 709 2019 Niciam
730 1952 972 2039 Smyrnaeum,
1002 1971 1071 2125 ego
1096 1973 1210 2041 nugas
1230 1955 1393 2019 maximas

333 2062 422 2126 omni
435 2078 511 2126 mea
525 2061 683 2127 comitate
701 2061 897 2147 complexus
913 2079 1003 2149 sum,
1058 2062 1274 2148 ymphontem
1292 2057 1393 2146 etiam

333 2167 587 2255 Colophonium.
639 2168 735 2251 Quae
761 2168 829 2235 ieci
856 2168 984 2256 dmnia,
1013 2187 1082 2234 non
1111 2188 1175 2257 qno
1204 2188 1256 2235 me
1285 2169 1392 2235 antii

333 2275 486 2343 homines
507 2280 565 2342 aut
585 2279 659 2342 tata
679 2276 773 2342 natio
797 2274 1002 2341 delectaret:
1016 2279 1214 2362 'pertaesum
1231 2283 1285 2344 est
1301 2276 1391 2342 levi-

334 2385 434 2471 tatis,
463 2384 725 2472 assentationis,
755 2383 936 2448 animorum
957 2399 1025 2446 non
1048 2382 1185 2467 officiis,
1213 2381 1274 2446 sed
1302 2387 1393 2447 tem·

284 2543 292 2560 .
337 2490 472 2577 poribus
501 2488 731 2554 servientium.
786 2486 878 2576 Sed,
912 2494 949 2556 ut
976 2488 1020 2554 ad
1047 2488 1189 2554 Zeuxim
1218 2492 1393 2553 revertar:

336 2596 485 2685 quomis
507 2592 616 2658 dell.
639 2590 800 2659 Cascellii
820 2613 975 2661 sermone
1002 2612 1115 2695 secum
1143 2595 1277 2686 habito,
1306 2614 1394 2684 quae

401 2777 437 2832 ll.
459 2784 487 2847 ς.
504 2778 529 2844 A.
562 2776 594 2831 t.
613 2777 720 2827 Cassius
743 2775 778 2829 de
800 2777 915 2830 cohorte
933 2777 967 2895 p.
986 2775 1126 2829 Ciceronis
1149 2777 1293 2846 praetoria.
1329 2778 1392 2837 Vid.

335 2861 410 2915 apr.
431 2851 457 2912 5.
470 2848 509 2910 rip.
525 2877 559 2888 -
585 2843 751 2905 Blandenio,
770 2858 803 2896 ex
822 2843 895 2897 urbe
913 2841 1021 2896 Baudo
1037 2842 1065 2894 in
1084 2842 1208 2914 Phrygia.
1224 2876 1256 2886 -
1289 2850 1393 2902 πνείει.

335 2912 468 2965 matriculi.
484 2908 591 2963 concise
607 2907 709 2961 dictum
724 2926 792 2980 pro:
807 2908 871 2962 licet
885 2906 1063 2961 certissimum
1079 2908 1127 2973 sit,
1144 2925 1207 2960 eum
1223 2923 1283 2962 esse
1299 2912 1393 2964 matri-

336 2975 432 3030 cidam.
446 3008 479 3019 -κ
514 2977 544 3027 de
558 2977 607 3028 tos
619 2991 715 3042 genera
729 2986 799 3037 toto,
814 2985 928 3027 curtam
945 2973 1046 3026 multos
1055 2974 1178 3028 Graecos
1190 2972 1240 3027 tibi
1254 2991 1393 3029 commen.

337 3040 467 3095 daverim.
479 3074 513 3085 -
546 3053 603 3093 tam
618 3041 784 3091 ambitiosam
791 3041 900 3108 sactum
913 3048 1105 3109 :tantopere
1122 3039 1228 3092 ambire
1243 3059 1264 3094 s.
1277 3052 1392 3113 captare

355 3110 452 3163 radam
473 3108 611 3162 hominum
627 3107 800 3161 Graecorum
815 3107 842 3158 in
858 3116 907 3157 tuo
924 3103 1046 3173 imperio.
1064 3139 1098 3151 -
1129 3109 1236 3157 nr'tntitm
1253 3109 1342 3160 cratere
1356 3127 1393 3164 sc.

364 3192 493 3230 omae-
509 3176 545 3226 ad
551 3173 619 3243 fult.
632 3181 734 3241 parata
744 3171 762 3228 i.
771 3189 793 3226 e.
804 3182 911 3236 astuta„
918 3170 1056 3244 ingeniosa
1069 3170 1103 3225 ad
1118 3172 1273 3245 tingendum
1288 3185 1316 3228 et
1331 3192 1393 3246 per-

338 3240 509 3296 suadendum
526 3241 572 3306 iis,
589 3237 664 3309 apud
683 3255 754 3309 quos
774 3248 940 3310 queruntur.
955 3266 988 3279 ·-
1021 3239 1250 3308 Dionysopolitas,
1269 3257 1302 3293 ex
1321 3241 1392 3294 urbe

337 3308 409 3363 Dion
428 3307 518 3380 sopoli
540 3307 568 3357 in
590 3320 686 3374 magna
701 3306 836 3377 Phrygia,
860 3321 933 3375 quae
949 3320 1049 3358 nomen
1065 3305 1177 3358 tenebat
1197 3322 1212 3358 a
1229 3306 1351 3377 Dionyso
1370 3324 1391 3360 s.

337 3322 459 3428 Baetin.
488 3373 571 3443 Vulg.
587 3369 693 3424 editur:
710 3372 930 3450 Dronpstpolitas.
943 3405 972 3417 -
1009 3373 1186 3425 inimicissimi.
1211 3372 1294 3448 Quod
1310 3372 1392 3445 vulgo

337 3438 449 3494 additur
474 3459 500 3493 v.
515 3440 582 3499 mei,
606 3452 639 3488 ex
660 3437 840 3507 geminatione
860 3438 970 3491 ultimae
993 3437 1116 3506 syllabae
1136 3447 1245 3506 ortum,
1266 3438 1393 3502 Subita,

338 3515 453 3568 auctore
473 3502 615 3570 Munatio,
639 3503 762 3559 exclusit.
783 3535 817 3549 ·-
857 3511 1038 3573 Apamensem,
1061 3519 1094 3555 ex
1110 3508 1233 3573 Apamea
1254 3502 1340 3569 urbe,
1358 3507 1394 3556 ad

339 3568 473 3626 Orontem
490 3571 554 3637 sita,
578 3570 606 3622 in
621 3570 779 3687 Apameae,
813 3580 890 3639 parte
908 3568 1003 3639 Syriae
1027 3570 1255 3639 septentrionalis.
1268 3600 1300 3612 -
1339 3575 1394 3621 An-

339 3638 473 3689 tundentur
496 3654 530 3690 ex
552 3639 641 3690 Antan
663 3653 710 3703 ro,
736 3637 763 3688 in
778 3635 867 3703 Mysia
885 3632 949 3686 ldae
967 3635 1053 3687 monti
1073 3633 1221 3689 adiacente.
1233 3666 1267 3677 -
1306 3652 1395 3703 nugas

339 3703 476 3756 maximas.
516 3700 694 3756 Abstreetum
717 3719 771 3772 pro
791 3709 936 3752 concretos
959 3699 1081 3753 homines
1098 3700 1262 3765 levissimos,
1285 3698 1393 3755 intimae

341 3763 503 3821 conditionis
516 3770 675 3890 nulliustpue
692 3768 780 3839 pretii.
795 3795 829 3808 -
862 3766 1065 3834 Colophonium,
1085 3782 1118 3819 ex
1132 3765 1292 3835 Colophone
1309 3767 1337 3819 iu
1352 3768 1394 3819 Io·

340 3832 439 3885 nia-
472 3851 524 3885 non
539 3853 598 3903 quo.
651 3833 687 3887 id.
702 3835 811 3906 Zumpt.
823 3836 846 3902 §.
864 3830 913 3885 536
927 3848 968 3903 sq.
983 3864 1017 3875 -
1050 3834 1182 3891 levitatis,
1198 3835 1396 3896 assentationis,

342 3898 497 3950 catinorum.
533 3900 643 3954 Sabata.
659 3901 692 3952 de
710 3902 816 3954 Ernest.
831 3899 987 3951 coniectura
1003 3895 1090 3953 dedit:
1109 3899 1224 3949 levitatis
1238 3910 1264 3949 et
1280 3911 1395 3953 assenta-

341 3965 421 4017 tionis
436 3963 574 4016 lominum.
593 3998 627 4009 -
659 3984 712 4017 non
727 3965 831 4034 officiat,
848 3966 896 4029 aad
908 3977 985 4034 temp.
1000 3966 1182 4025 servientium,
1200 3962 1216 4016 i.
1230 3979 1254 4019 e.
1270 3964 1335 4037 qui,
1349 3981 1394 4016 ne·

342 4031 432 4102 gleeto
448 4027 553 4095 officio,
569 4040 726 4101 temporum
743 4046 826 4082 eausa
839 4030 929 4082 omnia
941 4030 1050 4084 faciunt.

408 4126 430 4187 ς.
456 4120 479 4170 5.
515 4116 551 4173 Μ,
570 4118 705 4178 Cascellii,
734 4117 849 4170 hominis
868 4119 997 4188 Romani,
1020 4116 1116 4189 quiin
1140 4118 1280 4190 provincie
1302 4116 1397 4194 Quinti
