3009 5067
534 301 596 364 tin.
617 304 637 362 1.
678 302 728 364 nt.
743 303 771 362 l.
1019 337 1022 348 ·
1141 303 1184 370 15

127 482 366 574 decreverant,
395 482 514 550 eodem
535 483 619 569 ipsis
640 483 784 568 privatis
804 488 878 551 erat
896 486 969 551 inre
987 485 1181 573 parendum.

127 588 223 664 Haec
243 590 333 658 illius
354 590 523 658 severitas
541 588 663 656 ooerba
677 589 871 680 videretur,
892 592 959 662 uisi
971 593 1084 662 multis
1098 612 1183 660 oon-

127 685 284 766 dirnentis
299 694 516 766 humanitatis
531 695 752 782 mitigaretur.
795 695 893 781 Quot]
915 699 946 764 si
961 699 1045 767 haec
1059 700 1183 775 lenitas
1223 688 1279 758 22·

126 805 233 889 grata
253 801 381 873 Itomae
403 802 476 887 est,
508 798 563 864 ubi
584 802 678 867 tanta
698 806 897 891 arrogantia
922 810 995 895 est,
1023 811 1092 876 tam
1118 802 1183 873 inr-

59 969 62 981 ,
127 908 302 978 moderata
322 905 481 992 libertas,
502 909 569 971 tam
585 906 712 976 infinita
727 910 893 980 hominurn
906 911 1062 1001 licentia,
1085 912 1199 980 ‹leni-¹

127 1033 195 1102 que
222 1017 274 1082 tot
293 1014 534 1102 magistratus7
561 1015 774 1105 tutamina,
802 1021 899 1084 tanta
925 1020 977 1088 vis
1006 1018 1182 1110 [populi],

127 1124 224 1186 tanta
243 1124 382 1186 senatus
403 1119 608 1192 auctor-itast
640 1140 736 1208 quarn
763 1122 906 1200 iucunda
925 1125 1061 1192 tandem
1080 1143 1183 1212 prae-

131 1227 213 1292 toris
233 1231 372 1298 comitas
390 1228 424 1293 in
443 1229 529 1300 Asia
549 1221 784 1313 potestesse!
812 1229 848 1295 in
869 1247 935 1313 qua
955 1233 1050 1298 tauta
1070 1229 1183 1296 multi·-

129 1330 209 1404 tudo
231 1332 371 1420 civium,
398 1335 492 1402 tanta
510 1334 694 1420 motorum,
721 1339 773 1402 tot
801 1335 921 1420 urbes,
951 1340 1001 1402 tot
1027 1338 1183 1412 civitates

14 1419 16 1432 '
127 1439 225 1505 nnius
253 1437 392 1512 nominis.
419 1442 534 1512 rutum
561 1441 751 1529 intueniur·3
788 1440 844 1507 ubi
872 1441 998 1512 nullum
1026 1442 1184 1518 auxilium

14 1537 16 1630 ξ
127 1547 200 1633 est,
233 1544 327 1614 nulla
354 1545 569 1633 conquestio,
600 1548 712 1628 nullus
739 1553 905 1638 senatus,
935 1548 1029 1614 nulla
1056 1550 1182 1618 concio.

14 1639 16 1712 ὲ
127 1648 241 1742 Quare
262 1670 360 1737 quum
378 1656 556 1742 permagni
580 1654 722 1726 nominis
747 1660 803 1724 eat
829 1661 865 1731 et
891 1676 989 1748 quum
1015 1656 1091 1742 ipse
1116 1673 1183 1722 nav
1356 1706 1359 1710 f

126 1760 203 1824 tura
222 1758 402 1850 moderati,
435 1764 503 1844 tum
523 1780 606 1830 vero
625 1765 726 1838 etiam
746 1762 897 1832 noenins
917 1766 1018 1850 atque
1040 1762 1182 1849 optirna-
1271 1769 1280 1859 'f
1366 1785 1368 1787 ·

126 1883 199 1938 run
220 1855 477 1940 artinmstudiis
498 1868 619 1944 eruditi
638 1870 688 1940 sic
708 1886 748 1946 se
769 1867 928 1940 adbibere
947 1870 982 1936 in
1002 1871 1098 1940 tanta
1116 1885 1182 1956 po-

126 1975 272 2055 testate,
301 1976 339 2038 ut
358 1974 453 2067 nulla
471 1974 539 2044 alia
558 1974 777 2062 potestesse
796 1976 861 2060 its,
890 1974 1007 2061 qubus
1028 1975 1058 2040 is
1079 1991 1182 2075 prae-

65 2138 68 2144 .
124 2077 188 2159 ait,
210 2076 431 2148 desideretur.
838 2081 841 2086 ⁴

96 2287 99 2293 ‹
130 2255 218 2307 eodem
236 2258 252 2306 ι’.
267 2271 311 2326 pr.
326 2268 385 2307 erat
399 2273 457 2308 rure
472 2259 630 2325 parendum,
662 2259 774 2315 decreta
790 2278 887 2314 eorum
902 2260 1035 2327 injuriosa
1050 2261 1078 2315 in
1093 2261 1183 2334 ipsos,

129 2319 270 2393 privatos,
286 2321 411 2376 adbiberi
426 2332 511 2393 atqua
526 2325 650 2378 exerceri
663 2342 795 2382 recusare
812 2342 868 2379 non
883 2336 1067 2397 poterant-
1100 2329 1185 2379 condi-

130 2390 223 2439 msntz's
238 2389 343 2443 human.
357 2383 374 2442 i.
391 2405 415 2443 e.
432 2389 572 2458 comitate,
588 2392 664 2445 suari
679 2402 707 2447 et
719 2392 837 2445 bumana
852 2390 948 2463 agendi
966 2390 1080 2444 ratione.
1107 2410 1132 2444 v.
1149 2392 1183 2444 de
1280 2439 1284 2446 s

126 2455 174 2510 illa
191 2472 260 2509 voce
274 2457 330 2514 cis.
344 2453 380 2508 de
395 2457 472 2512 arnis.
491 2456 529 2516 18.
751 2476 757 2481 ·

196 2557 222 2617 s.
243 2565 283 2605 aa.
324 2550 435 2612 aaron,
458 2564 574 2617 eorum,
601 2550 649 2621 qui
671 2549 860 2623 magistratum
880 2549 908 2603 in
921 2550 1002 2603 “urbs
1022 2557 1134 2631 flerunt.
1151 2575 1184 2589 -
1276 2556 1278 2560 ’

128 2626 207 2667 ronta
227 2620 417 2683 arrogantia,¹
428 2612 560 2670 adversus
572 2617 761 2688 magistratus,
777 2617 874 2689 inqua
892 2616 990 2670 lenitas
1005 2631 1047 2669 vox
1063 2612 1183 2689 Quanti·

129 2690 237 2735 tura-‚-
270 2695 327 2733 tam
344 2683 446 2736 immod.
466 2682 575 2734 libertos
592 2682 750 2754 appell-andi
771 2684 902 2737 maiorem
918 2683 1105 2755 magistratum
1120 2697 1183 2734 con·

14 2809 16 2814 ¹
129 2758 173 2801 tra
185 2747 333 2816 minorem,
349 2748 464 2820 ejusque
479 2748 591 2803 iniurias
603 2759 630 2802 et
642 2747 828 2804 acerbitatem.
837 2783 870 2794 -
903 2750 1026 2810 horatio,
1036 2764 1099 2820 vqun
1114 2747 1182 2801 mru-

128 2825 188 2867 tum
203 2815 353 2868 contraius
369 2826 397 2868 et
411 2816 575 2886 aequitatem
589 2813 692 2869 audere
709 2815 763 2869 illis
776 2816 848 2871 licet.
867 2848 900 2860 -
932 2818 1126 2882 magrttratos,
1144 2813 1183 2868 in·

127 2879 222 2951 primis
238 2881 342 2935 tribuni
357 2880 463 2954 plebis,
480 2898 601 2953 quornm
614 2880 908 2953 auxiliumimplorant
922 2879 1050 2933 acerbius
1065 2879 1183 2933 tractati.

129 2977 162 2989 -
178 2948 279 2998 acedia
292 2947 360 3016 juris
374 2967 396 3005 a.
410 2947 542 3020 legitima,
557 2964 631 3018 quae
641 2946 808 3022 litigantibus
821 2957 918 3001 eontra
930 2944 1090 3000 sententiam
1107 2960 1183 3015 prae·

71 3015 75 3024 '
128 3011 196 3066 toris
217 3023 375 3083 suppetunt.
391 3047 423 3057 -
464 3027 542 3066 tenta
558 3017 598 3067 orl·
614 3015 735 3088 [popello]⁸
760 3014 803 3071 V.
819 3014 914 3091 populi
931 3013 1089 3067 coniectura
1115 3012 1183 3063 inse·

128 3078 186 3131 ruit
202 3078 326 3147 Errant,
344 3095 426 3151 quem
441 3091 551 3135 secutus
575 3090 616 3134 cst
637 3079 769 3146 Sobata,
794 3091 826 3134 ut
841 3081 909 3148 haee
933 3078 1018 3132 verba
1042 3077 1080 3130 alo
1101 3088 1181 3148 seqq.

129 3142 205 3198 nullo
224 3146 312 3197 concio
333 3162 350 3197 ο
372 3155 550 3217 ponerentur.
590 3148 629 3200 At
652 3163 718 3200 vero
762 3146 838 3220 epuli
859 3147 900 3199 vis
917 3146 970 3198 iam
989 3157 1118 3261 expressa
1140 3150 1183 3222 est

61 3257 66 3268 ,
130 3228 174 3266 vv.
192 3219 248 3259 tam
266 3163 370 3263 transl
384 3212 485 3273 tabern,
503 3223 530 3265 et
544 3229 631 3283 quum
647 3232 689 3266 vv.
703 3164 779 3264 nulla
794 3215 884 3266 concio
898 3222 959 3283 post
973 3211 1022 3261 nul
1032 3226 1063 3259 aa
1075 3218 1183 3258 senatus

129 3284 281 3329 extremum
296 3275 386 3328 locum
400 3286 525 3342 teneant,
542 3288 670 3334 accurata
683 3278 873 3332 membrorum
886 3276 1022 3351 oppositio
1036 3273 1182 3326 observata

128 3358 185 3395 non
201 3356 261 3393 ease
276 3338 399 3408 videtur,
417 3351 445 3394 et
462 3353 539 3393 tanao
552 3346 694 3413 orbaeque
713 3361 746 3396 ao
762 3358 839 3396 tanta
856 3346 1006 3396 auctoritas
1021 3337 1057 3391 ad
1072 3357 1095 3392 v.
1110 3355 1182 3388 sano-

61 3447 63 3450 ·
128 3420 173 3460 tua
188 3405 334 3477 pertinent.
349 3440 382 3452 -
414 3409 544 3469 cr'oitotes,
561 3419 722 3478 quaeantea
735 3410 850 3474 liberae,
865 3404 1181 3479 suislegibusnsaefue·

128 3483 199 3527 rant.
214 3504 249 3515 -
273 3473 375 3525 nullom
389 3473 530 3534 ancilium,
544 3473 619 3526 nulla
632 3474 791 3529 intercessio
806 3477 982 3529 tribunorum
997 3473 1033 3542 pl.
1049 3467 1181 3523 adversus

129 3548 296 3614 praetorem.
313 3572 347 3585 -
379 3540 454 3592 nulla
470 3543 618 3610 conquestio
633 3539 667 3592 da
683 3541 856 3613 magistratu,
882 3541 916 3593 de
931 3534 1059 3611 praeside
1071 3537 1181 3607 provin·

128 3606 185 3659 ciae
200 3603 276 3676 apud
288 3605 418 3661 maiorem
433 3605 635 3679 magistratum,
652 3603 685 3658 ed
701 3623 784 3677 quem
799 3608 938 3678 appellans
954 3603 1015 3675 quis
1031 3605 1181 3675 confugere

129 3672 222 3744 possit.
265 3672 406 3725 Manutius
427 3682 519 3725 tamen
545 3668 739 3745 corrigendum
763 3673 921 3744 proposuit:
949 3672 1093 3753 quaestio„
1108 3684 1180 3740 quet

130 3737 282 3807 pertineret
297 3737 331 3790 ad
349 3737 463 3806 iudicia,
486 3747 583 3793 contra
598 3737 804 3810 magistratuum
824 3739 935 3791 iniurias
951 3753 978 3791 ιη
998 3734 1069 3788 urbe
1085 3737 1180 3806 nnplo·
1289 3801 1293 3809 .

131 3812 206 3870 rata3
234 3801 307 3857 unde
327 3803 427 3874 triplex
448 3804 686 3859 sublimiores:
715 3806 831 3867 audura,
855 3816 980 3866 senatus,
1001 3802 1123 3871 populato.
1146 3830 1179 3843 -

131 3868 220 3920 nullus
233 3882 355 3933 senatos,
372 3871 448 3922 notra
460 3873 548 3925 concio
555 3909 566 3933 ,
582 3868 598 3924 ἰ.
611 3886 635 3924 e.
650 3870 756 3924 nullum
772 3872 901 3924 auxilium
918 3879 1056 3933 arcuata,
1073 3867 1180 3920 nullum

131 3952 147 3994 a.
163 3935 267 4006 populo
280 3953 330 4007 per
345 3936 502 3990 concionem
516 3937 552 3989 im
571 3937 742 3996 locatum-
766 3957 794 3990 se
809 3938 927 3989 admisce
941 3963 973 3986 =
988 3953 1016 3991 se
1033 3948 1179 4005 gerere.-

129 4000 207 4053 nutla
223 4000 259 4056 at.
272 4014 390 4083 potestas
407 4001 507 4072 maior,
532 3958 570 4057 ab>
583 4021 665 4075 quarn
683 4014 780 4059 contra
800 4005 910 4061 decreta
934 4006 1063 4079 praesidis
1085 4000 1178 4055 contu·
1221 4051 1223 4054 ,

22 4077 25 4082 ·
130 4069 212 4142 giant.
229 4082 265 4146 '5-
296 4072 441 4138 repressat.
459 4071 584 4138 Ernest,
597 4087 680 4144 quem
695 4075 963 4147 aequimanum,
980 4078 1085 4150 absquo
1098 4073 1177 4133 codd.

129 4141 293 4189 auctoritate
308 4133 382 4200 dedit
397 4138 451 4206 epse
463 4139 574 4207 procat.

907 4324 915 4356 l
