3009 5067
314 246 381 318 tto
461 252 497 312 u.
512 251 544 313 r.
564 250 748 313 elounons
770 249 921 314 misnen
942 252 990 313 no
1012 252 1044 325 o.
1061 251 1229 315 animun
1259 210 1268 225 ’

313 434 363 499 tui
389 450 530 519 unquam
560 420 662 498 eatae
688 431 828 519 cupitus
857 438 894 500 et
920 453 1009 501 nune
1036 432 1153 502 domus
1178 437 1377 524 suppeditat

220 592 230 610 .
313 540 393 607 rm‘hi
419 540 585 605 hortorum
614 540 856 631 amoenitatem.
912 539 1050 607 Romam
1077 560 1175 626 quum
1200 545 1377 611 venissem

314 664 348 712 a.
370 645 412 710 de
428 644 527 709 xm.
554 640 633 710 Kal.
660 642 780 733 ttetoh.
808 642 993 710 ahsolutum
1020 646 1143 713 offendi
1168 648 1204 713 in
1232 649 1374 716 aotlihns

244 734 250 749 ’
314 734 386 817 tuis'
408 754 552 817 tectum:
583 751 669 842 quod
696 769 799 837 supra
820 748 1002 816 'conclavia
1028 769 1096 816 non
1117 751 1292 837 placuerat
1312 757 1375 822 tihi

313 877 396 927 esse
414 856 590 924 multorum
611 857 845 945 fastigiorum,
878 855 911 921 id
932 875 1022 924 nune
1042 858 1182 927 honeste
1201 863 1318 950 vergit
1336 865 1372 929 in

314 969 441 1033 tectim
468 962 637 1030 interioris
666 965 827 1051 porticus.
885 962 1004 1031 Cicero
1033 969 1168 1055 noster,
1198 965 1276 1033 dum
1305 986 1374 1059 ego

314 1069 450 1153 absum,
480 1087 547 1135 non
569 1067 721 1135 cessavit
740 1069 830 1154 apuel
851 1070 1028 1137 rhetorem.
1079 1071 1133 1140 lle
1160 1073 1234 1139 eius
1256 1074 1373 1141 erudi-

314 1179 406 1246 tione
428 1177 515 1265 quod
535 1174 799 1273 lahoreepnihil
825 1181 896 1261 ert,
929 1178 1083 1264 quoniam
1103 1181 1277 1268 ingenium
1299 1183 1374 1248 eiua

315 1284 427 1352 nosti=
456 1284 600 1350 studium
629 1300 696 1373 ego
724 1283 836 1350 video.
888 1282 1012 1352 Cetera
1038 1281 1305 1375 eioe'suseipio‚
1337 1292 1376 1354 ut

315 1410 369 1459 me
388 1393 503 1478 putem
522 1395 701 1476 praestare
722 1390 857 1456 debere.

398 1494 666 1563 Gabiniumtres
687 1494 798 1562 adhue
818 1493 984 1564 factiones
1005 1499 1198 1586 postulante
1219 1499 1259 1564 L.
1277 1497 1375 1566 Len-

317 1600 428 1692 tulos,
449 1601 589 1671 fluminis
609 1599 717 1690 lilius,
747 1601 803 1688 qui
823 1601 888 1667 iam
909 1601 952 1668 de
973 1602 1149 1675 maiestate
1168 1603 1374 1695 postulavit:

483 1818 487 1841 ,
521 1836 527 1849 ⁸
563 1836 568 1851 ι
599 1820 630 1849 ·‚
694 1814 698 1825 .

318 1864 410 1911 sumtu
432 1851 579 1909 aedificata.
601 1884 634 1895 -
673 1870 731 1921 sup.
748 1870 783 1909 m.
800 1853 868 1907 tort.
883 1869 1000 1911 amora..
1024 1854 1061 1906 ite
1077 1861 1108 1906 ut
1123 1850 1287 1907 inminentes
1305 1853 1374 1908 nihil

318 1912 478 1975 deriderem.
492 1926 526 1964 -'-
556 1918 704 1970 macheram
711 1916 893 1986 faetr‘grr'orom
906 1920 924 1971 i.
939 1935 963 1971 e.
977 1918 1068 1972 multia
1080 1918 1184 1990 angulis
1196 1931 1223 1974 et
1233 1919 1373 1974 lateribus

318 1986 496 2041 descernere.
514 1988 570 2049 ,De
593 2003 616 2041 r.
630 1984 780 2057 surtzpium
802 2002 825 2035 v:
849 1984 915 2038 Ern
939 1984 973 2040 cl.
990 1984 1046 2041 Cio.
1063 2002 1085 2037 a.
1104 2003 1127 2035 v.
1155 1995 1182 2038 et
1200 1986 1317 2043 Cmaub.
1338 1985 1374 2038 ad

319 2052 396 2108 Suet.
410 2053 521 2105 Caesar.
537 2052 576 2105 81.
593 2083 624 2095 -
657 2051 685 2101 t‘d
704 2067 774 2102 nune
792 2050 897 2102 honeste
919 2047 1004 2103 edidit
1020 2050 1107 2104 Orell.
1124 2069 1185 2103 cum
1202 2050 1280 2106 redd.
1297 2051 1375 2107 editt-

318 2135 374 2191 que
389 2133 443 2189 pro
457 2120 530 2190 vulg.
547 2119 576 2170 te
590 2132 642 2169 nen
657 2118 780 2178 tanmem
796 2118 900 2167 honeste
914 2115 968 2173 ie.
980 2117 1121 2184 decenter,
1137 2112 1273 2188 eperioee3
1291 2138 1315 2171 v.
1331 2135 1375 2171 se·

318 2201 370 2256 pru
385 2181 419 2236 ud
435 2180 458 2251 t
474 2199 497 2237 u.
520 2214 553 2226 -
585 2184 673 2249 vergit
694 2180 749 2234 leni
763 2180 849 2248 cliro,
866 2182 930 2252 quie
948 2192 1051 2236 tectum
1067 2182 1271 2237 concinniorem
1289 2202 1374 2237 unum

318 2260 423 2304 tuntum
442 2248 526 2304 hahet
542 2248 687 2320 fastigium.
710 2279 743 2290 -
783 2249 836 2302 Gir.
858 2259 959 2310 uerter,
985 2249 1079 2324 Quinti
1100 2251 1180 2307 filino.
1214 2254 1250 2305 V.
1267 2252 1333 2303 adl.
1349 2268 1373 2303 a

318 2332 363 2390 ep.
381 2318 426 2385 14,
442 2333 467 2370 u:
490 2315 537 2369 ubi
555 2328 647 2389 aeque
667 2329 700 2366 ee
712 2312 747 2379 ¹h.
763 2310 782 2367 l.
798 2324 889 2365 noster
906 2316 1027 2386 pertinet
1044 2316 1078 2367 ed
1092 2333 1213 2371 eruorem
1226 2315 1383 2390 significan·'

317 2381 400 2450 dum,
424 2380 607 2454 queeifretrie
624 2379 709 2435 filiurn
722 2376 749 2430 iu
768 2376 810 2431 eui
825 2377 872 2431 tilii
885 2380 948 2434 loeo
965 2378 1094 2447 heberet,
1112 2383 1274 2453 praesertim
1288 2400 1374 2454 quum

317 2458 384 2504 tune
399 2466 462 2502 eom
476 2457 579 2521 patruo
593 2448 688 2500 Marco
704 2454 783 2498 esset.
809 2444 850 2498 Cf.
866 2459 952 2517 eupra
965 2443 1021 2514 §.a
1035 2456 1063 2500 et
1077 2446 1192 2501 Ahehen
1207 2448 1224 2501 l.
1239 2467 1262 2503 e.
1280 2468 1306 2519 p.
1319 2451 1373 2517 175.

317 2546 350 2561 ..
366 2515 467 2579 absum.
489 2511 669 2584 Antiquiorte
684 2504 816 2565 editiones
831 2519 858 2564 et
872 2508 951 2567 codd.
964 2513 1066 2566 habent
1082 2514 1195 2578 adeam
1211 2512 1279 2568 illud
1296 2530 1375 2587 prae·

316 2577 478 2645 serendum,
495 2588 553 2632 turn
571 2576 636 2649 quia
648 2594 733 2648 supra
752 2577 856 2630 Cicero
869 2575 970 2632 dieitur
983 2579 1098 2639 floream
1113 2579 1207 2643 ivisse,
1233 2590 1292 2635 tum
1309 2578 1374 2652 quia

317 2647 403 2719 magio
417 2644 544 2698 convenit
560 2661 571 2696 r
590 2659 636 2715 qq.
652 2644 725 2713 apud
737 2644 876 2697 electorem.
890 2675 922 2686 -
956 2647 1086 2697 electorem
1102 2645 1256 2700 Paeonium.
1284 2647 1320 2699 V.
1336 2646 1375 2698 in·

316 2710 363 2764 fra
379 2726 422 2781 ep.
437 2708 469 2778 8,
484 2714 515 2779 te
535 2720 549 2761 t
590 2726 656 2763 cero
674 2720 739 2763 tuoe
754 2717 906 2780 nosterque
927 2727 1033 2763 summo
1049 2709 1139 2764 studio
1154 2721 1196 2764 eet
1211 2710 1320 2763 Paeom‘e'
1331 2711 1374 2764 sui

317 2776 438 2830 rhetorio
445 2780 459 2842 ,⁵
469 2774 598 2847 hominis,
612 2777 728 2850 opinor,
744 2774 822 2826 valde
837 2776 976 2829 exercitati
992 2775 1129 2831 othoni«
1163 2776 1373 2831 Grammatiearn

318 2857 422 2918 pueros
439 2844 588 2913 Cicerones
608 2841 740 2897 duruerat
758 2842 906 2910 Tyrannio.
941 2843 974 2895 V.
995 2856 1078 2913 supro
1095 2858 1124 2907 u,
1138 2847 1169 2907 4,
1184 2857 1207 2895 n.
1240 2843 1282 2894 De
1300 2841 1374 2894 insti-

318 2909 423 2962 tutione
443 2922 594 2983 puerorum
615 2909 804 2961 Romanorum
826 2907 917 2980 primo
937 2906 1011 2978 apud
1027 2907 1247 2976 grammaticum,
1277 2904 1374 2960 deinde

317 2971 393 3046 apud
408 2973 547 3028 rhetorem
562 2993 586 3032 v.
601 2974 731 3047 Quinctil.
747 2974 809 3026 inst.
819 2990 860 3026 er.
876 2973 894 3027 l.
913 2992 934 3029 ι,
950 3005 981 3013 -
1014 2973 1163 3039 iagem'nm,
1180 2989 1237 3044 quo
1248 2973 1285 3026 itu
1299 2976 1375 3028 eeler

319 3049 395 3106 erut,
412 3048 443 3094 ut
458 3039 542 3093 frenis
559 3042 638 3093 etiem
656 3049 767 3113 egeret,
788 3035 1020 3159 :poemadmodum
1038 3037 1224 3109 hicitanae.
1240 3040 1272 3105 6,
1290 3058 1318 3106 ι,
1335 3057 1373 3096 12.

318 3137 352 3148 -
367 3116 468 3168 cetera,
485 3105 677 3160 institutionem
692 3116 720 3159 et
735 3120 786 3158 ero
807 3104 967 3160 aionem..-
993 3114 1146 3173 praestare,
1162 3103 1293 3177 praedem
1308 3122 1376 3159 erse.

208 3221 212 3227 .
319 3171 357 3227 V.
374 3187 460 3245 supra
476 3170 510 3226 ed
526 3171 545 3228 Ι.
562 3189 583 3229 r,
599 3188 643 3243 ep.
662 3191 690 3240 1,
707 3188 746 3226 ro.
766 3182 793 3225 et
809 3171 859 3223 hae
875 3186 920 3243 ep.
939 3175 960 3241 §.
979 3187 1003 3242 9.

386 3279 423 3332 V.
439 3286 463 3348 s.
482 3279 519 3332 15.
554 3280 703 3341 anzhe‘urn,
720 3268 828 3349 eSyrie'
847 3277 1016 3332 redeuntem.
1050 3281 1083 3333 V.
1102 3278 1314 3350 superante.
1332 3294 1375 3350 ep.

318 3344 353 3412 8,
368 3364 400 3400 ι.·
412 3375 446 3387 -
485 3357 557 3406 eree,
582 3346 613 3399 1..
628 3346 763 3399 Lentulus
777 3343 812 3397 de
826 3345 981 3411 maiestate,
999 3346 1031 3398 Τ.
1048 3345 1124 3399 Nero
1145 3355 1173 3400 et
1190 3344 1376 3399 &Memmius

320 3408 355 3462 de
369 3408 538 3491 repetundis.
554 3443 588 3455 -
620 3411 722 3475 otilone,⁸
739 3412 855 3466 eeeeooit
867 3422 963 3482 postea
976 3421 1075 3482 quarte
1088 3409 1172 3464 factio
1187 3413 1219 3466 G.
1234 3421 1263 3465 et
1275 3413 1306 3468 L.
1319 3414 1374 3462 Au·

320 3476 387 3529 tonii
402 3487 466 3530 rtem
482 3475 516 3528 de
530 3473 708 3547 repetundis3
733 3497 758 3532 v.
772 3494 815 3548 ep.
830 3494 889 3548 seq.
905 3484 972 3545 §.13
998 3487 1025 3530 et
1046 3477 1143 3548 quinte
1167 3475 1200 3529 de
1221 3476 1324 3529 artlbitu
1342 3475 1371 3527 P.

319 3540 415 3595 Sullae
422 3560 432 3610 3
448 3561 473 3596 r.
490 3540 560 3595 infre
576 3542 651 3617 eph
680 3542 705 3596 3.
721 3541 756 3595 ud
773 3547 830 3597 Att.
844 3547 876 3609 t,
895 3544 940 3607 ιθ,
956 3560 995 3595 ιι.
1018 3542 1135 3599 Abellen
1151 3543 1169 3595 l.
1182 3559 1205 3594 e.
1228 3564 1252 3612 p.
1272 3545 1318 3610 rep
1332 3556 1374 3611 eq.

320 3635 353 3650 -
386 3609 505 3661 ortulant
521 3633 553 3657 =
570 3580 735 3679 poetufaturi
754 3607 936 3673 videbuntur3
958 3625 1030 3661 unua
1043 3609 1115 3661 enim
1130 3611 1162 3660 L.
1180 3606 1311 3661 Lentulus
1326 3623 1375 3676 po-

320 3671 622 3796 teruntne
637 3673 1225 3794 enueretolerarentur
1238 3681 1280 3791 e
1294 3672 1377 3791 tet·

320 3809 380 3859 ne.
396 3806 429 3871 4,
448 3808 493 3874 te,
528 3846 534 3858 .
557 3779 673 3860 utinen
689 3803 707 3858 ι.
727 3825 750 3857 t.
771 3836 804 3849 -.
846 3758 1040 3869 ilonea
1064 3783 1096 3860 12.
1111 3755 1228 3859 ueneni?
1241 3778 1376 3858 elatione

321 3824 526 3950 Martialisutet?
537 3876 594 3927 Aet.
604 3876 639 3989 pr,
657 3871 687 3941 6)
707 3871 795 3938 illiue,
820 3889 917 3944 quem,
939 3872 1068 3926 absoluto
1081 3870 1215 3937 Gabinio,
1238 3871 1376 3942 praevari-

321 3946 411 3992 ertum
436 3936 570 3990 dicebant.
635 3936 984 4008 ‚adnte.t‚16‚9.-
1026 3939 1056 3989 de
1073 3940 1227 3998 maiestate,
1252 3934 1326 4008 apud
1344 3936 1376 3991 C.

321 4002 423 4055 Alfium
436 4002 521 4070 (intra
535 4000 558 4067 §0
572 4004 616 4068 24)
633 4011 807 4081 praetorem,
827 4002 902 4072 quod
918 4003 1032 4074 pecunie
1046 4012 1199 4072 corruptus
1215 4019 1306 4075 regem
1315 4002 1375 4054 Pto·

322 4066 457 4123 lernaeum
475 4083 538 4119 eum
551 4074 673 4120 exerertu
688 4066 715 4118 in
731 4070 888 4138 Aegyptum
904 4086 954 4122 suo
969 4067 1085 4122 arbitrio
1101 4069 1263 4125 reduxisset.
1288 4068 1325 4124 V.
1342 4066 1375 4118 ud
