3009 5067
340 246 389 316 ¹4
477 248 516 319 lt,
534 248 564 308 T.
587 244 770 310 CICERONIS
791 249 944 311 Epistol.
965 253 1013 312 dl)
1030 253 1065 338 9·
1086 253 1252 314 FRATREM

337 426 479 494 maxime
492 429 665 496 sustineri.
705 428 748 518 ln
768 447 833 517 qus
853 430 1018 504 scientiae
1036 438 1236 524 praesertim
1256 442 1404 526 provin-

337 532 434 600 cialis
454 534 543 602 ratio
563 534 639 622 ipsa
659 534 818 622 expedita
834 541 907 604 est:
929 543 1121 608 constantia
1136 547 1190 610 est
1207 544 1405 620 adhibenda

337 641 374 708 et
397 640 574 726 gravitas,
608 658 696 727 quae
716 643 859 712 resistat
878 663 947 714 uon
968 647 1077 714 solum
1096 650 1251 740 gratioe,
1281 671 1404 722 verum

284 775 293 794 ·
335 745 436 816 ettam
463 744 657 833 suspicioni.
709 745 941 834 Adiungenda
970 753 1070 818 etism
1100 757 1156 818 est
1184 754 1334 827 facilitas
1364 760 1403 827 in

334 848 520 939 audiendo,
550 851 674 918 lenitas
702 851 737 918 in
759 851 992 942 decernendo,
1021 857 1057 922 in
1082 860 1326 930 satisfaciendo
1355 884 1401 933 ac

335 954 536 1042 disputando
566 955 756 1045 diligentie
807 957 872 1028 His
899 957 1002 1026 rebus
1028 980 1137 1047 nuper
1164 964 1203 1032 C.
1234 965 1401 1036 Octavius

333 1059 595 1130 iucundissimus
619 1062 705 1128 fnit:
736 1062 825 1151 apud
852 1082 947 1150 quem
976 1066 1101 1152 primus
1129 1068 1229 1136 lictor
1250 1077 1400 1165 quievit3

319 1171 440 1240 xtacuit
462 1186 650 1258 accensus5
679 1169 810 1255 quoties
830 1169 970 1258 quisque
990 1171 1116 1261 voluit,
1139 1173 1224 1242 dixit
1244 1187 1278 1244 et
1299 1200 1400 1266 quam

334 1278 444 1348 voluit
471 1275 537 1345 din.
590 1274 718 1362 Quibus
744 1277 804 1344 ille
824 1277 926 1345 rebus
944 1279 1094 1353 fortasse
1113 1280 1210 1347 nimis
1230 1282 1316 1348 lenis
1338 1288 1398 1351 vi-

336 1382 490 1472 deretur,
521 1382 588 1448 nisi
615 1382 699 1450 haee
726 1382 850 1452 lenitas
875 1383 974 1451 illam.
994 1384 1212 1460 severitatem
1233 1390 1396 1452 tueretur.

335 1487 556 1577 Cogebantur
575 1487 710 1576 Sulloni
730 1488 901 1573 homines,
934 1508 1020 1579 quoe
1047 1508 1108 1580 per
1128 1491 1196 1558 vim
1217 1498 1251 1560 et
1270 1499 1396 1561 metum

334 1592 564 1681 abstulerant,
592 1591 748 1661 reddere.
799 1592 864 1680 Qui
890 1596 926 1662 in
950 1594 1205 1686 magistratibus
1232 1598 1393 1666 iniuriose

334 1783 416 1832 tinere·
425 1805 457 1829 =
472 1777 620 1845 contineri,
638 1789 774 1833 constare.
793 1811 825 1824 -
857 1782 981 1835 oetentiae
988 1798 1077 1851 praes.
1089 1784 1206 1851 prosam.
1222 1786 1294 1835 ratio
1301 1803 1315 1847 ,-
1331 1800 1393 1839 sen·

333 1861 397 1900 sust
414 1845 481 1900 iuris
495 1843 604 1898 dicundi
615 1846 643 1899 is
657 1845 800 1916 prouincia
814 1847 886 1902 ratio
900 1848 988 1901 multo
999 1847 1107 1902 lsellior
1120 1858 1163 1903 est
1175 1865 1259 1920 quam
1272 1850 1394 1919 florum

355 1911 399 1964 uia
417 1912 567 1990 litigatores
588 1921 635 1965 aut
655 1910 839 1982 provinciales
859 1913 986 1982 (Graeci)
1008 1922 1072 1966 sunt
1092 1924 1140 1967 ant
1159 1914 1344 1985 negotiatores
1365 1928 1394 1971 et

280 2025 282 2033 ,
332 1928 539 2040 itreneroores,
555 1975 710 2048 quos'lraud
728 1975 878 2032 difficulter
893 1980 1035 2032 continere
1053 1980 1157 2049 possis,
1173 1981 1277 2033 Romae
1294 1992 1393 2037 contra

329 2045 467 2126 litigantes
485 2059 567 2115 saepe
622 2043 675 2098 etia
696 2052 724 2097 st
744 2043 846 2121 opibus
865 2045 972 2116 pollent
991 2045 1111 2126 ideoque
1126 2047 1320 2116 reluctantur3
1345 2052 1393 2103 aut

333 2127 415 2186 quta,
436 2120 468 2166 ut
483 2112 593 2164 Faces
613 2118 704 2177 notat,
727 2108 806 2178 faede
826 2121 887 2165 erat
903 2112 945 2164 ius
959 2110 1052 2164 dicere
1067 2131 1094 2166 m
1111 2112 1266 2184 provincia,
1287 2114 1315 2167 in
1335 2131 1392 2186 qua

296 2193 300 2208 ·
332 2186 492 2249 sequetem
506 2175 609 2229 multas
623 2176 713 2247 leges,
730 2190 823 2246 neque
838 2186 913 2231 tanta
928 2178 1114 2233 formularum
1130 2179 1209 2251 qussi
1224 2181 1393 2251 superstitio.

333 2274 365 2292 -.
381 2245 525 2314 suspicioni
537 2243 640 2315 gratiae
657 2258 706 2296 seu
723 2241 845 2315 partium
861 2242 954 2297 studii.

399 2316 427 2375 ς.
444 2325 484 2364 nr.
518 2309 544 2360 in
558 2308 732 2369 decernendo,
749 2307 880 2362 iacturis
895 2325 928 2361 eo
948 2309 1106 2377 noscendis,
1121 2308 1253 2361 sententia
1267 2308 1393 2366 dicunda.

332 2407 364 2426 -.
375 2372 571 2441 mtr'pssos'ssdo,
585 2372 753 2427 deleniendis
769 2389 802 2426 ac
814 2326 1028 2444 trauqnifisndis
1039 2373 1083 2439 its,
1100 2372 1233 2428 adversus
1245 2389 1317 2451 quos
1330 2392 1393 2430 sen·

331 2444 415 2497 tentia
431 2440 529 2506 datur;
546 2438 622 2509 quod
637 2438 703 2491 facit
719 2438 817 2506 iudex,
841 2441 891 2493 ubi
909 2436 1019 2492 decreta
1039 2454 1089 2491 sua
1108 2448 1205 2492 eontra
1222 2437 1390 2495 obtortiones

331 2506 563 2579 ”captionesque
572 2503 740 2570 litigantium
756 2504 922 2588 argumentis
939 2501 1059 2557 defendit
1080 2512 1165 2574 atque
1188 2504 1311 2559 sustinet.
1346 2509 1389 2561 De

331 2573 383 2625 irae
397 2573 424 2625 vi
438 2590 463 2625 r.
476 2568 647 2636 terrefacere,
662 2585 719 2652 qua
731 2569 877 2641 significat:
894 2587 955 2625 rem
967 2571 1006 2624 ita
1018 2566 1207 2646 demonstrare
1221 2579 1248 2623 et
1260 2570 1389 2627 obiectio·

330 2636 413 2694 nibus
429 2652 475 2691 res
514 2636 610 2696 odere,
623 2645 655 2689 ut
670 2653 698 2691 m
710 2653 744 2690 eo
761 2652 791 2690 ae
816 2637 963 2700 messalem,
978 2654 1003 2688 v.
1013 2635 1080 2687 Ern.
1096 2634 1132 2686 el.
1142 2635 1269 2689 ciceron.
1285 2654 1306 2691 s.
1317 2657 1341 2692 v.
1358 2648 1387 2694 et

331 2718 413 2775 quem
430 2702 467 2757 ibi
496 2700 578 2755 sudat
587 2700 734 2759 Cioverr.
745 2701 776 2768 3,
788 2654 829 2758 ἔα.
844 2703 894 2756 ubi
908 2700 1062 2768 sstiffaesrs
1073 2700 1205 2778 radicibus
1215 2700 1286 2754 idem
1302 2715 1343 2758 est
1356 2721 1386 2775 q.

330 2785 392 2824 rem
405 2769 436 2823 iis
450 2767 581 2839 probare.
595 2801 629 2814 -
661 2770 828 2839 disputando.
852 2771 998 2836 Disputare
1008 2781 1097 2835 quum
1112 2781 1168 2817 non
1184 2777 1219 2819 srt
1232 2770 1387 2845 praetoris,

330 2835 471 2889 Manutius
486 2833 633 2907 legendum
651 2834 772 2891 censuit:
797 2834 980 2903 doseeptondo,
1002 2846 1086 2951 gum
1105 2830 1321 2886 emendationem
1340 2834 1386 2886 fir·

330 2916 407 2954 mare
425 2910 539 2958 conatus
555 2911 596 2956 est
611 2902 674 2957 loco
692 2900 748 2956 Cic.
777 2901 853 2954 Part.
875 2907 945 2952 oret.
963 2915 988 2951 o.
1028 2915 1036 2949 t
1060 2895 1129 2948 Nom
1148 2908 1197 2947 osc
1217 2899 1385 2950 aosoesltscor

286 2993 289 3000 ⁴
330 2977 389 3029 est,·
405 2966 480 3019 modo
495 2970 544 3037 qut'
554 2969 643 3030 audit,
669 2979 717 3020 aot
734 2968 912 3033 disceptator,
934 2962 950 3016 i.
966 2978 990 3017 e.
1012 2963 1053 3013 rei
1065 2964 1255 3034 sententiaeque
1270 2965 1386 3016 modera-

330 3044 384 3086 tor.
418 3032 513 3087 Lectio
534 3034 694 3103 deputando
709 3030 933 3103 eigestonam,
956 3027 991 3079 ad
1006 3025 1142 3104 litigantes
1158 3039 1312 3099 spectaret,
1327 3030 1386 3101 qui·

330 3097 384 3152 hus
397 3097 478 3152 iudex
495 3098 600 3153 veniam
616 3101 689 3154 inter
707 3113 737 3149 se
760 3104 866 3147 etcum
882 3093 944 3164 ipso
963 3091 1120 3165 disputandi
1135 3091 1282 3155 concedat.
1300 3105 1328 3150 et
1343 3112 1385 3149 re·

234 3171 236 3184 '
329 3174 427 3247 spectu
446 3170 493 3218 rori
513 3164 697 3231 socstsaer'esdo
716 3163 848 3230 hysteron
869 3170 1006 3229 proteron
1024 3158 1184 3212 contineret.
1201 3191 1232 3203 -
1267 3163 1294 3214 0.
1308 3165 1385 3215 Oeta·

329 3249 403 3292 oros,
416 3230 533 3302 Augusti
548 3240 686 3301 pater‚‘ex
699 3235 832 3299 praetura
847 3226 918 3280 rexit
933 3224 1123 3280 Macedoniam
1134 3225 1307 3343 provinciam
1323 3245 1384 3298 pro·

328 3297 442 3352 consule
453 3294 554 3351 eodem
574 3304 717 3365 tempore,
749 3308 806 3362 quo
827 3293 862 3369 Q.
886 3293 986 3347 Cicero
1006 3290 1098 3345 Asiam
1117 3307 1132 3343 a
1153 3291 1331 3348 ministrabat.
1358 3312 1383 3348 v.

328 3362 441 3418 Suetom
457 3366 501 3417 Au
522 3404 526 3412 .
543 3360 567 3415 3.
582 3359 653 3423 infra
670 3376 714 3429 ep.
730 3375 755 3412 s.
773 3366 799 3426 ς.
814 3377 837 3428 7.
855 3357 888 3411 ad
903 3362 960 3413 Att.
977 3376 1007 3424 a,
1025 3375 1053 3421 ι,
1073 3373 1110 3409 nn.
1126 3390 1160 3403 -
1190 3360 1293 3427 prtinus
1306 3360 1383 3411 detor

330 3427 440 3482 Selrirta.
457 3378 642 3482 coniecturam
660 3425 828 3506 Malsspinae
839 3426 956 3494 primum
973 3426 1052 3476 ls'etor
1070 3423 1192 3501 recepit3
1217 3423 1305 3479 Orell.
1320 3441 1381 3479 con·

329 3501 375 3547 trs
391 3504 499 3549 monet:
516 3514 531 3546 u
568 3494 636 3544 imos
650 3492 729 3544 lictor
744 3488 833 3556 odem,
849 3491 898 3561 qui
916 3489 995 3554 alibi,
1012 3488 1046 3546 de
1060 3490 1149 3543 Drvm.
1166 3507 1189 3544 ι.
1203 3495 1227 3606 ξ.
1242 3491 1282 3557 59.
1297 3492 1380 3545 Verr.

330 3574 362 3623 a.
378 3558 402 3613 ὅ.
421 3576 445 3612 e.
460 3562 500 3627 54.
564 3558 594 3613 ΙΙ.
606 3558 665 3631 lug.
685 3575 723 3611 ru.
738 3556 875 3626 Inscriptt.
891 3573 976 3614 arear.
992 3557 1052 3608 nat.
1065 3553 1100 3608 N.
1116 3553 1189 3609 3218.
1215 3558 1283 3609 ictor
1293 3559 1382 3626 proci·

329 3641 406 3684 mos,
429 3624 479 3677 nisi
500 3627 552 3680 hoe
569 3640 685 3696 quoque
703 3623 766 3676 loco
784 3628 888 3692 prt'rtstts
911 3628 1076 3689 corruptum
1092 3635 1111 3698 ¹a
1124 3623 1292 3699 proedonem
1325 3620 1382 3675 Pri,

330 3705 391 3744 mos
406 3705 428 3742 s.
444 3693 585 3758 proximus
600 3691 682 3748 lictor
697 3700 738 3743 est
752 3691 779 3744 in
795 3688 865 3744 serie
882 3686 1064 3740 incedentium
1079 3685 1209 3748 hetorum
1225 3687 1336 3739 ultimus
1354 3696 1382 3741 et

330 3754 453 3827 proxime
471 3756 635 3824 praecedens
651 3772 694 3810 rna
712 3756 846 3809 istratum.
870 3770 896 3805 v.
913 3752 988 3832 Lips.
1002 3751 1094 3830 3⁸⁰9·
1113 3771 1143 3820 1,
1156 3751 1196 3806 od.
1210 3783 1243 3793 -
1275 3755 1381 3822 quisset,

330 3838 386 3880 non
401 3818 557 3891 obstrepuit
573 3834 657 3895 atque
674 3772 811 3877 siientium
825 3819 969 3889 imperavit
982 3812 1144 3874 docentibus.
1159 3849 1190 3859 -
1224 3817 1299 3868 illum
1315 3836 1380 3871 seve

329 3890 423 3949 rs'tat.,
439 3884 517 3940 euius
531 3892 684 3960 exemplum
699 3887 789 3941 statim
804 3885 893 3938 affert.
908 3913 942 3926 -
969 3894 1100 3946 tueretur,
1117 3879 1277 3960 defenderet
1303 3899 1380 3937 excu-

330 3962 411 4008 saret.
427 3981 460 3994 -
494 3952 600 4004 sottum·
612 3956 736 4015 domines,
754 3951 802 4023 qui
819 3951 948 4004 Sullanae
962 3947 1088 4004 factionis
1107 3948 1206 4001 auxilio
1223 3921 1380 4003 meliorum
1462 3967 1465 3976 ·

329 4018 402 4078 bona
416 4017 594 4089 irrepserant.
613 4019 688 4075 Face.
705 4049 739 4062 -
772 4027 885 4076 metum,
912 4014 1005 4072 mines.
1018 4048 1052 4063 -
1083 4017 1111 4067 in
1126 4016 1280 4084 magestras.
1295 4029 1379 4086 oppo

330 4085 405 4142 uitur
422 4100 481 4158 seq,
498 4083 620 4154 privates.
