3009 5067
317 228 372 298 40
460 229 497 291 ll
518 229 548 289 Τ.
569 225 752 291 CICERONIS
772 227 925 291 secret.
947 229 996 291 nn
1015 231 1047 303 Q.
1069 231 1235 297 FRATREM

318 419 355 483 te
381 433 457 498 oro,
484 416 522 479 ut
547 413 622 499 ipse
648 410 882 479 auctoritatem
910 418 946 480 et
969 420 1215 482 monumentum
1242 414 1380 502 aliquod
1498 411 1499 418 ’

319 521 445 590 decreti
474 523 532 586 aut
557 518 731 585 literarum
761 524 893 585 tuarum
922 518 1111 608 relinquas,
1143 519 1233 607 quod
1261 521 1308 586 sit
1333 520 1380 586 ad

316 626 428 694 Flavii
447 642 517 691 rem
539 628 575 691 et
599 624 643 691 ad
670 644 807 692 causam
836 625 1128 693 accommodatum.
1180 628 1263 693 Fert
1289 629 1378 694 enim

315 732 472 821 graviter
485 730 584 797 homo
600 735 636 797 et
649 733 714 798 mei
728 731 1050 800 observantissimus
1071 737 1107 799 et
1127 733 1180 800 sui
1195 735 1278 800 iuris
1293 734 1378 821 dig-

314 839 497 926 nitatisque
516 839 669 907 retinens
696 856 736 904 se
759 838 847 925 apud
868 845 904 906 te
924 857 1034 926 neque
1054 840 1200 907 amicitia
1220 858 1284 906 nee
1304 842 1380 905 iure

314 946 487 1014 vduissez
510 950 562 1034 et,
582 949 621 1011 ut
641 946 778 1034 opinor,
800 944 913 1013 Flavii
934 945 1113 1032 aliquando
1130 966 1201 1012 rem
1219 950 1255 1016 et
1271 946 1377 1012 Pom-

312 1053 410 1141 peius
432 1057 468 1119 et
481 1050 611 1120 Caesar
624 1052 684 1117 tibi
698 1050 992 1118 comendatunt:
1014 1057 1050 1118 et
1065 1052 1142 1139 ipse
1155 1052 1198 1119 ad
1213 1058 1249 1122 te
1263 1055 1375 1141 scrip·

313 1161 408 1225 serat
421 1156 561 1223 Flavius
575 1160 611 1223 et
624 1174 692 1243 ego
707 1161 810 1225 certe.
853 1159 964 1242 Quare
984 1160 1014 1225 si
1028 1159 1096 1225 ulla
1108 1177 1165 1225 res
1181 1164 1256 1247 est,
1278 1179 1377 1245 quam

312 1264 375 1332 tili
394 1282 447 1330 me
468 1263 656 1330 faciendam
676 1267 816 1351 petente
837 1271 956 1357 putes,
977 1267 1061 1333 haec
1082 1284 1124 1334 ea
1144 1269 1210 1332 est.
1257 1263 1299 1331 Si
1319 1283 1374 1332 me

313 1387 426 1459 amas,
449 1386 550 1459 cura,
572 1368 730 1454 elabora,
750 1371 896 1464 perfice,
916 1373 1107 1441 utlllavius
1122 1370 1229 1441 ettibi
1246 1372 1377 1438 etmihi

313 1491 412 1562 quam
430 1475 593 1541 maximas
614 1476 748 1562 gratias
770 1483 868 1566 agot.
910 1479 986 1545 lloc
1003 1483 1039 1545 te
1054 1478 1102 1542 ita
1117 1494 1224 1564 rogo,
1244 1479 1281 1541 ut
1296 1493 1372 1540 ma-

312 1580 386 1647 iore
407 1577 518 1647 studio
538 1598 666 1668 rogare
686 1601 755 1648 non
775 1585 917 1670 possim.

86 1767 88 1772 .
158 1685 219 1755 tv.
240 1684 293 1757 12.
396 1684 493 1770 Quod
513 1684 565 1751 ‘ad
594 1705 647 1774 me
676 1687 718 1754 de
743 1688 884 1757 Hermia
910 1689 1051 1777 scribis,
1081 1689 1160 1756 milri
1186 1684 1376 1755 mehercule

314 1791 417 1860 valde
442 1791 620 1860 molestum
645 1792 719 1866 tuit.
773 1795 908 1861 literas
940 1793 984 1860 ad
1014 1799 1048 1861 te
1080 1809 1197 1879 parum
1225 1792 1376 1858 fraterne

313 1900 535 1988 scripseram
556 1919 640 1988 quas
655 1901 804 1967 oratione
818 1898 974 1987 Diodoti,
987 1898 1120 1964 Luculli
1134 1897 1264 1983 liberti,
1281 1916 1375 1964 com-

312 2010 445 2098 motus,
472 2007 515 2075 de
539 2010 696 2095 pactione
717 2009 830 2075 statim
851 2004 941 2091 quod
960 2002 1149 2094 audieram,
1180 2006 1373 2072 iracundius

313 2114 518 2200 scripseram
546 2118 582 2183 et
608 2132 772 2181 revocare
800 2110 985 2197 cupiebam.
1037 2110 1125 2180 Huic
1152 2113 1189 2175 tu
1211 2111 1376 2198 epistolae

218 2221 272 2291 ld.
313 2236 383 2286 nou
409 2217 560 2286 fraterne
580 2221 748 2308 scriptae,
778 2219 938 2287 fraterne
951 2216 1056 2285 debes
1077 2219 1271 2308 ignoscere.
1322 2217 1376 2283 Ile

162 2321 167 2332 ’
314 2322 520 2416 Censorino,
548 2327 716 2415 Antonio,
738 2324 891 2413 Cassiis,
919 2323 1109 2413 Scaevola,
1138 2329 1173 2390 te
1193 2322 1235 2390 ab
1255 2324 1297 2389 iis
1319 2322 1375 2390 di-

312 2429 395 2519 ligi,
424 2437 462 2498 ut
481 2432 623 2519 scribis,
650 2433 868 2500 vehementer
888 2431 1034 2520 gaudeo.
1087 2427 1211 2496 Cetera
1238 2428 1375 2495 fuerunt

312 2540 348 2612 iu
369 2537 488 2606 eadem
508 2536 654 2628 epistola
674 2539 856 2625 graviore,
885 2556 981 2629 quam
1001 2535 1144 2606 vellem:
1177 2538 1283 2625 epeia
1304 2537 1374 2601 τὰν

312 2741 479 2796 relectionis
495 2741 621 2817 vulgatae
651 2759 724 2817 quae
739 2756 803 2818 post
819 2759 850 2800 ot
868 2743 943 2802 addit
959 2759 1005 2811 ro,
1023 2761 1057 2801 ex
1072 2744 1251 2819 geminatione
1266 2755 1368 2802 ortum.

311 2837 346 2849 -
360 2808 550 2861 auctoritatem
634 2828 685 2864 aer.
702 2823 751 2864 aar
767 2814 807 2868 lic.
823 2813 840 2867 i.
855 2830 880 2867 e.
896 2812 1038 2867 decretum
1053 2823 1100 2866 eut
1111 2812 1220 2877 literas,
1237 2827 1310 2892 quse
1327 2829 1371 2866 ra·

311 2873 371 2928 lent
386 2871 422 2926 sd
435 2872 586 2929 iaciendum
600 2875 690 2932 tidem.
705 2910 738 2921 -
771 2880 925 2950 retorquam
941 2889 1048 2947 tempus
1064 2878 1135 2929 enim
1151 2877 1315 2930 decessionis
1330 2877 1370 2930 iu·

311 2938 411 3006 stabat,
424 2956 512 3011 quum
522 2958 643 3000 euuuum
659 2944 795 3014 praetorio
812 2945 955 3016 imperium
969 2944 1044 2997 ultre
1052 2941 1234 2996 Decembrem
1248 2958 1370 2996 mensem

311 3021 368 3060 nou
391 3003 604 3075 produceretur.
622 3040 656 3053 -
698 3013 744 3063 soi
760 3012 828 3063 oloris
847 3013 919 3078 drgo.
940 3011 1070 3068 reterens,
1099 3008 1148 3079 qui
1169 3024 1224 3065 non
1250 3008 1370 3080 patitur,

311 3069 463 3145 quidquam
483 3071 517 3125 de
541 3089 592 3127 suo
613 3074 674 3130 iure
696 3075 881 3153 dignitateque
904 3073 1018 3127 detrahi.
1039 3104 1072 3116 -
1110 3086 1297 3142 agosone:
1317 3093 1368 3149 ego

309 3138 438 3207 omniuo,
454 3153 498 3191 me
514 3139 653 3212 scripsisse
672 3152 749 3200 certo
763 3143 828 3198 scio.
842 3175 873 3184 -
906 3140 963 3194 Hoc
981 3151 1007 3191 oe
1020 3143 1059 3191 ula
1074 3157 1142 3220 rogo
1157 3149 1208 3193 oet.
1238 3140 1283 3197 ef.
1295 3158 1368 3213 quar

308 3202 343 3258 ud
363 3206 388 3260 h.
400 3206 420 3260 l.
437 3203 577 3259 adnotavit
590 3207 744 3277 Wieland.,
769 3210 818 3280 qui
834 3224 867 3260 ex
879 3216 938 3260 tota
951 3205 993 3259 rei
1006 3217 1164 3260 narratione
1179 3205 1243 3260 colli
1262 3207 1271 3259 i
1287 3224 1368 3279 posse

308 3267 391 3338 dicit,
415 3270 486 3324 hano
504 3286 614 3325 causum
630 3274 717 3331 Flavii
733 3291 850 3347 aequam
865 3274 961 3327 iustam
985 3289 1019 3327 ue
1038 3272 1210 3341 numisioste,
1232 3223 1368 3345 idemque

308 3337 429 3392 uoluisse
444 3335 588 3392 Fundanio
605 3339 730 3410 solvere,
755 3339 832 3419 quod
850 3340 875 3393 ei
891 3355 907 3393 a
925 3289 1056 3393 eoduma>
1073 3339 1189 3393 Octavio
1207 3337 1367 3395 deberetur.

324 3480 327 3485 -
374 3442 423 3501 IV.
438 3441 464 3510 i.
482 3460 521 3497 rs.
552 3444 659 3497 Hermr'o
675 3463 756 3500 servo
772 3445 925 3501 Ciceronis.
941 3478 974 3490 -
1007 3446 1038 3499 de
1049 3446 1180 3515 pactione.
1214 3446 1320 3500 Manat.
1334 3444 1369 3497 ad

308 3506 337 3561 ir.
350 3508 371 3561 l.
392 3508 484 3565 addit:
512 3509 606 3565 »inter
624 3511 748 3569 Graecos
765 3523 793 3566 et
812 3512 977 3586 publicanos
999 3527 1014 3565 u
1038 3522 1064 3565 te
1077 3511 1187 3565 laeta.»
1229 3509 1285 3566 Sed
1302 3525 1365 3576 ree,

309 3586 393 3643 quarn
414 3574 500 3657 tangit
513 3574 627 3646 Cicero,
644 3595 677 3633 ex
691 3580 744 3635 hoc
763 3596 818 3632 uno
841 3579 926 3632 uerbo
949 3577 1068 3648 perspici
1085 3576 1190 3648 nequit.
1210 3609 1239 3619 -
1271 3578 1365 3626 statim

310 3638 381 3757 (pud
395 3664 428 3690 =
445 3642 565 3697 simulac.
600 3643 641 3702 lta
663 3661 744 3718 saepe
785 3645 839 3698 aod
855 3653 919 3715 post
937 3643 1067 3696 adverbia
1090 3641 1222 3715 temporis
1244 3639 1366 3712 ponitur.

341 3744 346 3756 .
362 3703 472 3764 Terent.
485 3710 584 3766 lirant.
602 3730 630 3777 1,
651 3729 679 3780 r,
696 3730 719 3766 u.
755 3663 846 3767 idam.
861 3708 982 3781 Amphit.
1002 3728 1030 3777 ι,
1047 3727 1079 3777 ι,
1096 3709 1150 3777 146.
1175 3739 1207 3752 -
1239 3722 1366 3766 reuocare

308 3768 523 3828 tabellariorum
540 3774 626 3832 datas.

373 3857 398 3929 ᾗ.
415 3860 454 3914 ι3.
486 3867 584 3919 Gouola
608 3864 682 3922 dedit
703 3868 793 3922 Orell.
813 3886 867 3941 pro
888 3866 962 3940 vulg.
984 3868 1083 3920 Cassio.
1098 3896 1131 3909 -·
1156 3864 1184 3915 in
1205 3862 1294 3914 eodem
1314 3863 1364 3929 epi·

307 3928 396 3991 arula,
420 3940 476 4005 ‘1¹3⁸
501 3931 620 4007 Quintus
646 3949 676 3986 se
693 3934 775 3988 fratri
794 3943 937 4007 purgarat.
954 3966 989 3979 -
1028 3933 1158 4002 grauiora
1176 3946 1255 4007 quom
1273 3928 1364 4005 vellem

308 3994 325 4049 i.
341 4009 364 4048 e.
381 4007 490 4076 aegrius
507 4011 580 4049 meas
596 3997 810 4066 admonitiones,
826 4016 897 4070 quas
913 4009 946 4054 tu
962 3996 1166 4069 obiurgationes
1183 3993 1261 4061 diors,
1277 3994 1362 4049 tulretr

307 4057 538 4134 gravioribusque
560 4060 652 4116 uerbis
670 4062 797 4120 retudisti
813 4080 897 4137 quum
918 4067 1025 4121 vellem.
1044 4095 1076 4107 ··
1115 4062 1195 4134 ὀρθὰν
1217 4061 1266 4120 τὸν
1295 4063 1364 4115 veit
