3009 5067
507 242 567 306 LlB.
589 244 607 305 l.
649 240 698 303 ΕΡ.
720 242 779 303 ΙΠ.’

461 635 725 714 EPISTULA
750 637 817 709 111.

1015 741 1023 752 t·

1017 755 1022 786 i

9 835 10 842 κ
113 789 221 870 Scripta
235 794 269 852 ab
284 792 378 852 exsule
392 786 600 849 Thessalonicae
612 787 678 849 ldib.
693 790 775 849 lunils
787 789 858 850 ΑΗ.
867 789 895 849 (i.
910 789 969 848 696
985 746 1098 865 [ia-(ihr.
1109 790 1163 862 58)

282 891 310 950 C.
331 891 398 949 lulio
420 889 551 984 Caesare?
572 889 606 949 Μ.
629 887 773 966 Calpurnio
794 888 890 947 Bibulo
912 888 988 948 Coss.

113 1053 322 1117 areunculam.
356 1042 437 1121 Quod
454 1061 558 1116 pueros
578 1041 611 1098 ad
628 1044 759 1122 Quintum
775 1042 833 1097 sinc
850 1044 937 1097 literis
953 1043 1070 1110 miserit,
1093 1040 1120 1094 id
1138 1059 1167 1095 ae

181 1145 236 1180 non
255 1127 393 1180 iracundia
412 1124 561 1180 adductum
577 1125 672 1181 fecisse
688 1144 755 1195 nee,
779 1127 855 1198 quod
873 1127 988 1181 tratrem
1008 1127 1103 1180 videre
1121 1145 1168 1180 no·

181 1209 272 1263 luerit.
305 1211 457 1277 Hortatur,
474 1219 505 1261 ut
519 1225 549 1262 sc
563 1209 650 1280 eriget
665 1219 692 1262 ct
706 1210 864 1276 confirmet,
882 1210 904 1262 ei
920 1226 975 1280 qua
989 1208 1014 1260 ei
1025 1205 1168 1260 subeunde

180 1288 412 1344 dimicatio'fuerit
430 1291 513 1343 1-6.
548 1289 675 1360 Denique
690 1291 790 1361 gratias
805 1289 885 1344 fratri
901 1307 955 1366 pro
970 1289 1069 1343 oblatis
1082 1289 1169 1342 facul·

178 1371 280 1427 tatibus
295 1372 402 1445 agitet,
425 1371 527 1443 quibus
544 1372 697 1442 potentium
713 1369 852 1425 fidendum
868 1381 915 1425 aut
929 1388 985 1424 non
999 1368 1166 1424 credendum

177 1453 229 1523 sit,
245 1463 338 1507 mouet
352 1470 439 1523 7-9.
457 1468 578 1524 suosque
591 1452 686 1507 fratris
700 1453 788 1505 amori
804 1451 976 1507 commendat
995 1468 1035 1507 ιο.

381 1603 574 1672 maneus
596 1602 636 1686 o.
658 1601 832 1668 sarasar
853 1601 892 1670 s.

192 1715 240 1782 lili
260 1717 386 1806 irater,
409 1718 453 1782 mi
473 1717 595 1802 irater,
617 1714 661 1780 mi
682 1713 806 1799 frater,
828 1720 906 1780 tuuc
920 1710 955 1778 id
968 1710 1097 1778 veritus
1115 1730 1167 1798 es,
1209 1712 1239 1777 1.

109 1844 155 1892 ne
176 1843 243 1913 ego
264 1824 435 1891 iracundia
455 1823 566 1910 aliqua
582 1821 746 1887 adductus
762 1838 884 1907 pueros
905 1818 948 1884 ad
969 1824 1003 1885 te
1024 1818 1099 1884 sine
1119 1817 1165 1881 li-

110 1934 195 1998 teris
215 1922 391 1998 miserint
412 1935 470 1997 aut
490 1931 591 1995 ctiam
611 1947 655 1994 ue
676 1933 711 1994 te
725 1927 843 1993 videre
856 1915 1044 1992 noluerim?
1084 1924 1164 2010 Ego

7 2091 8 2096 ,
108 2035 173 2100 tibi
198 2024 398 2102 irascerer?
430 2035 490 2100 tibi
517 2054 585 2121 ego
605 2034 733 2117 possim
754 2022 889 2097 irascit
940 2029 1099 2117 Scilicet,
1128 2032 1166 2093 tu

7 2125 8 2146 ³
112 2138 199 2202 enim
220 2158 272 2202 me
293 2138 463 2203 afflixisti:
485 2139 532 2201 tui
551 2155 603 2201 me
624 2138 770 2224 inimici,
800 2142 858 2201 tua
878 2155 931 2202 me
951 2135 1096 2220 invidia,
1125 2152 1166 2200 aa

110 2261 181 2308 non
202 2260 270 2330 ego
291 2246 326 2308 te
345 2240 467 2306 misere
487 2239 628 2327 perdidi.
669 2241 767 2306 Meus
789 2240 846 2305 ille
866 2240 1022 2307 laudatus
1039 2259 1165 2305 consu·

109 2349 220 2437 latus,
241 2349 320 2416 milri
340 2355 391 2437 te,
411 2347 547 2436 liberm,
568 2347 721 2436 patriam,
742 2347 907 2431 fortunae,
929 2346 990 2412 tibi
1007 2346 1108 2413 velim
1122 2365 1167 2412 ne

6 2511 7 2516 ,
109 2456 188 2542 quid
209 2457 384 2545 eripuerIt,
404 2460 539 2543 praeter
559 2474 660 2519 unum
679 2474 743 2522 mc.
775 2453 859 2522 ‘sed
881 2458 974 2520 certe
994 2472 1016 2519 a
1035 2455 1070 2518 te
1087 2452 1167 2518 milri

111 2562 223 2629 omnia
250 2578 383 2650 semper
408 2563 553 2630 honesta
580 2566 615 2628 et
642 2561 789 2627 iucunda
817 2560 1027 2650 ceciderunt3
1062 2579 1083 2625 a
1113 2578 1166 2626 me

109 2670 170 2733 tibi
190 2669 301 2736 luctus
321 2687 416 2735 meae
437 2669 657 2757 calamitatis,
684 2673 794 2735 metus
815 2672 916 2756 tuae,
946 2666 1166 2753 desiderium,

109 2796 259 2866 maeror,
288 2776 445 2843 solitudo.
502 2776 581 2864 Ego
612 2780 647 2842 te
675 2778 792 2845 videre
818 2765 1011 2843 uoluerim‘l
1061 2775 1165 2840 Immo

109 2902 191 2949 uero
211 2902 263 2950 me
284 2903 304 2949 a
325 2888 359 2950 te
381 2885 489 2954 videri
510 2885 611 2951 nolui.
652 2883 732 2949 Non
753 2883 839 2948 enim
859 2880 1009 2947 vidisses
1029 2878 1165 2945 fratrem

110 2994 223 3076 tuum3
245 3009 312 3055 nou
334 3009 425 3078 eum,
447 3008 542 3076 quem
562 2990 768 3077 reliqueras3
789 3007 856 3059 nou
874 3005 966 3074 eum,
988 3004 1083 3071 quem
1099 3001 1165 3048 uo·

110 3113 188 3181 ras3
209 3114 275 3161 non
297 3114 390 3180 eum,
412 3095 509 3183 ciuem
529 3099 614 3163 lleus
632 3098 784 3179 rentem,
805 3097 1062 3181 prosequentem
1082 3110 1165 3178 pro-

177 3280 201 3345 §.
225 3294 247 3329 r.
280 3288 306 3326 ae
324 3277 369 3326 vett
395 3279 540 3339 noluerim,
563 3276 599 3330 de
619 3280 757 3349 provincia
777 3277 964 3333 decedentem.
980 3309 1015 3319 -
1046 3277 1166 3337 Scilicet,

110 3342 128 3395 i.
144 3359 167 3397 e.
185 3342 252 3397 scias
264 3342 344 3407 licet,
362 3342 473 3413 utique,
490 3342 604 3395 maxime
613 3362 622 3411 3
639 3344 687 3397 sed
705 3347 787 3409 haec,
812 3355 840 3399 et
856 3362 928 3418 quae
944 3344 1033 3399 atatim
1048 3358 1166 3413 sequun-

111 3424 174 3476 tur,
199 3412 404 3481 συμπαθέστερον
425 3407 556 3478 capienda
572 3424 629 3462 eoae
646 3411 750 3463 monuit
768 3413 873 3465 Manat.
887 3444 920 3456 -
978 3421 1066 3461 raeccr
1084 3425 1166 3459 unum

111 3494 158 3526 me.
193 3476 305 3529 Vereor
322 3477 406 3541 enim,
428 3492 463 3527 ne
480 3474 528 3545 qui
543 3475 701 3529 consulatus
717 3477 770 3527 mei
787 3477 900 3548 gloriam
920 3430 984 3529 mlii
998 3472 1164 3540 inviderunt,

112 3540 161 3593 tibi
178 3558 307 3613 quoquc,
321 3551 433 3612 praeter
447 3540 573 3606 fratrem,
586 3539 699 3606 liberos,
713 3542 830 3612 patriam
844 3543 968 3595 fortunus
992 3558 1026 3593 ue
1042 3535 1165 3611 eripiant.

112 3639 144 3650 -
158 3625 174 3657 a
187 3626 226 3660 me
239 3609 289 3659 nti
298 3609 386 3661 luctus
396 3607 525 3660 meaecot.
539 3617 590 3660 eet.
626 3608 680 3660 uorl
691 3623 777 3660 meam
793 3559 1073 3677 calamitatemqugem
1090 3604 1165 3688 quod

67 3719 71 3726 .
111 3682 186 3725 tuem
201 3675 308 3741 metuis,
319 3672 395 3745 quod
405 3688 449 3725 mc
460 3673 598 3727 absentem
605 3622 747 3728 {calderas
760 3683 803 3727 etc
823 3674 886 3726 milri
902 3683 1043 3743 acceptum
1057 3676 1165 3726 reterre

112 3737 204 3792 debeo.
222 3772 252 3785 -
286 3753 371 3793 merus
385 3752 458 3801 tuae,
474 3756 508 3792 ne
526 3738 619 3794 eadem
636 3751 662 3792 te
680 3752 795 3810 quoque
812 3738 910 3791 inimici
927 3738 1013 3791 nostri
1032 3739 1166 3792 calamita·

112 3814 140 3856 te
162 3804 287 3876 affligant,
302 3839 332 3850 -
375 3807 529 3857 cestarium
546 3807 597 3859 mei
613 3805 739 3859 absentia.
753 3837 785 3846 -
818 3822 924 3855 maeror
941 3820 973 3856 ex
989 3803 1166 3859 meacalami·

113 3879 179 3924 tate.
199 3902 232 3914 -
263 3872 542 3924 montanianum:
576 3870 668 3926 etad
689 3877 736 3924 Ata
758 3870 890 3944 3‚9init.
913 3870 1073 3942 3‚7‚3.-.
1106 3870 1166 3921 reli·

112 3953 224 4006 querar,
244 3938 359 3991 triennio
375 3948 438 3991 autc
454 3937 481 3990 iu
501 3937 592 3991 Asiam
616 3937 783 4011 provinciam
806 3937 989 4008 proficiscens.
1008 3972 1039 3981 -
1077 3952 1165 4005 prose·

112 4014 238 4072 quantem,
271 4004 331 4057 Non
348 4004 437 4056 solum
455 4004 621 4075 propinqui,
637 4002 683 4057 sed
704 4002 785 4057 etiam
806 4004 882 4058 amici
905 4006 1107 4075 proficiscentes
1130 3996 1165 4050 ad

114 4068 265 4137 provincias
281 4070 506 4126 administrandas
519 4083 597 4127 extra
616 4070 714 4126 urbem
733 4070 863 4142 prosequi
881 4070 1013 4125 solebant.
1048 4070 1116 4122 Hine
1130 4064 1169 4119 aa
