<?xml version="1.0" encoding="UTF-8"?>
<!DOCTYPE html PUBLIC "-//W3C//DTD XHTML 1.0 Transitional//EN"
    "http://www.w3.org/TR/xhtml1/DTD/xhtml1-transitional.dtd">
<html xmlns="http://www.w3.org/1999/xhtml" xml:lang="en" lang="en">
 <head>
  <title>
</title>
<meta http-equiv="Content-Type" content="text/html;charset=utf-8" />
  <meta name='ocr-system' content='tesseract 3.04.00' />
  <meta name='ocr-capabilities' content='ocr_page ocr_carea ocr_par ocr_line ocrx_word'/>
</head>
<body>
  <div class='ocr_page' id='page_1' title='image "./mtulliiciceroni00hoffgoog_0122.png"; bbox 0 0 3009 5067; ppageno 0'>
   <div class='ocr_carea' id='block_1_1' title="bbox 293 247 1214 321">
    <p class='ocr_par' dir='ltr' id='par_1_1' title="bbox 293 247 1214 321">
     <span class='ocr_line' id='line_1_1' title="bbox 293 247 1214 321; baseline -0.009 -2"><span class='ocrx_word' id='word_1_1' title='bbox 293 250 364 321; x_wconf 62' lang='grc' dir='ltr'><strong><em>Μ</em></strong></span> <span class='ocrx_word' id='word_1_2' title='bbox 441 254 477 315; x_wconf 84' lang='grc' dir='ltr'><strong>Μ.</strong></span> <span class='ocrx_word' id='word_1_3' title='bbox 494 252 524 314; x_wconf 89' lang='grc' dir='ltr'><strong>Τ.</strong></span> <span class='ocrx_word' id='word_1_4' title='bbox 545 249 728 315; x_wconf 79' lang='lat' dir='ltr'>CICERONIS</span> <span class='ocrx_word' id='word_1_5' title='bbox 748 247 902 314; x_wconf 67' lang='lat' dir='ltr'><strong>aristot.</strong></span> <span class='ocrx_word' id='word_1_6' title='bbox 923 249 970 311; x_wconf 84' lang='lat' dir='ltr'><strong>AD</strong></span> <span class='ocrx_word' id='word_1_7' title='bbox 992 248 1023 321; x_wconf 81' lang='grc' dir='ltr'><strong>Ο.</strong></span> <span class='ocrx_word' id='word_1_8' title='bbox 1046 248 1214 311; x_wconf 81' lang='lat' dir='ltr'><strong>FRAlllllhl</strong></span> 
     </span>
    </p>
   </div>
   <div class='ocr_carea' id='block_1_2' title="bbox 128 430 1361 2114">
    <p class='ocr_par' dir='ltr' id='par_1_2' title="bbox 290 430 1360 838">
     <span class='ocr_line' id='line_1_2' title="bbox 293 430 1360 518; baseline -0.005 -13"><span class='ocrx_word' id='word_1_9' title='bbox 293 436 489 505; x_wconf 83' lang='lat' dir='ltr'><strong>llleasidium</strong></span> <span class='ocrx_word' id='word_1_10' title='bbox 510 455 584 503; x_wconf 88' lang='lat' dir='ltr'><strong>oum</strong></span> <span class='ocrx_word' id='word_1_11' title='bbox 604 434 814 518; x_wconf 80' lang='lat' dir='ltr'>Philoxeno,</span> <span class='ocrx_word' id='word_1_12' title='bbox 845 449 1051 518; x_wconf 78' lang='lat' dir='ltr'><strong>aquamque,</strong></span> <span class='ocrx_word' id='word_1_13' title='bbox 1081 449 1180 518; x_wconf 90' lang='lat' dir='ltr'><strong>quam</strong></span> <span class='ocrx_word' id='word_1_14' title='bbox 1206 431 1232 498; x_wconf 93' lang='lat' dir='ltr'><strong>ii</strong></span> <span class='ocrx_word' id='word_1_15' title='bbox 1252 430 1360 500; x_wconf 86' lang='lat' dir='ltr'><strong>duee-</strong></span> 
     </span>
     <span class='ocr_line' id='line_1_3' title="bbox 293 540 1359 634; baseline -0.005 -20"><span class='ocrx_word' id='word_1_16' title='bbox 293 548 375 614; x_wconf 88' lang='lat' dir='ltr'><strong>hant</strong></span> <span class='ocrx_word' id='word_1_17' title='bbox 393 567 460 613; x_wconf 91' lang='lat' dir='ltr'><strong>non</strong></span> <span class='ocrx_word' id='word_1_18' title='bbox 480 546 586 634; x_wconf 82' lang='lat' dir='ltr'><strong>longe</strong></span> <span class='ocrx_word' id='word_1_19' title='bbox 607 564 628 612; x_wconf 94' lang='lat' dir='ltr'><strong>a</strong></span> <span class='ocrx_word' id='word_1_20' title='bbox 647 544 749 631; x_wconf 86' lang='lat' dir='ltr'><strong>villa,</strong></span> <span class='ocrx_word' id='word_1_21' title='bbox 771 542 860 608; x_wconf 92' lang='lat' dir='ltr'><strong>helle</strong></span> <span class='ocrx_word' id='word_1_22' title='bbox 876 558 961 608; x_wconf 86' lang='lat' dir='ltr'><strong>saue</strong></span> <span class='ocrx_word' id='word_1_23' title='bbox 976 540 1132 608; x_wconf 81' lang='lat' dir='ltr'><strong>tluen&#39;tem</strong></span> <span class='ocrx_word' id='word_1_24' title='bbox 1145 542 1236 629; x_wconf 86' lang='lat' dir='ltr'><strong>vidi,</strong></span> <span class='ocrx_word' id='word_1_25' title='bbox 1255 561 1359 629; x_wconf 89' lang='lat' dir='ltr'><strong>prae·</strong></span> 
     </span>
     <span class='ocr_line' id='line_1_4' title="bbox 290 646 1360 735; baseline -0.004 -16"><span class='ocrx_word' id='word_1_26' title='bbox 290 654 409 721; x_wconf 84' lang='lat' dir='ltr'><strong>sertim</strong></span> <span class='ocrx_word' id='word_1_27' title='bbox 429 653 574 735; x_wconf 82' lang='lat' dir='ltr'><strong>maxima</strong></span> <span class='ocrx_word' id='word_1_28' title='bbox 593 650 767 717; x_wconf 77' lang='lat' dir='ltr'><strong>siceitater</strong></span> <span class='ocrx_word' id='word_1_29' title='bbox 799 646 1054 732; x_wconf 83' lang='lat' dir='ltr'><strong>uberioremque</strong></span> <span class='ocrx_word' id='word_1_30' title='bbox 1082 646 1255 733; x_wconf 89' lang='lat' dir='ltr'><strong>aliquanto</strong></span> <span class='ocrx_word' id='word_1_31' title='bbox 1279 666 1360 716; x_wconf 83' lang='lat' dir='ltr'><strong>sese</strong></span> 
     </span>
     <span class='ocr_line' id='line_1_5' title="bbox 294 750 1357 838; baseline -0.005 -13"><span class='ocrx_word' id='word_1_32' title='bbox 294 759 496 826; x_wconf 81' lang='lat' dir='ltr'><strong>collecturos</strong></span> <span class='ocrx_word' id='word_1_33' title='bbox 528 774 607 823; x_wconf 78' lang='lat' dir='ltr'><strong>ease</strong></span> <span class='ocrx_word' id='word_1_34' title='bbox 636 755 804 822; x_wconf 88' lang='lat' dir='ltr'><strong>dioehant.</strong></span> <span class='ocrx_word' id='word_1_35' title='bbox 858 750 960 838; x_wconf 84' lang='lat' dir='ltr'><strong>Apud</strong></span> <span class='ocrx_word' id='word_1_36' title='bbox 986 751 1113 818; x_wconf 87' lang='lat' dir='ltr'><strong>Herum</strong></span> <span class='ocrx_word' id='word_1_37' title='bbox 1146 758 1241 820; x_wconf 88' lang='lat' dir='ltr'><strong>reete</strong></span> <span class='ocrx_word' id='word_1_38' title='bbox 1272 758 1357 820; x_wconf 91' lang='lat' dir='ltr'><strong>erat.</strong></span> 
     </span>
    </p>

    <p class='ocr_par' dir='ltr' id='par_1_3' title="bbox 128 858 1361 1481">
     <span class='ocr_line' id='line_1_6' title="bbox 128 858 1359 946; baseline -0.006 -14"><span class='ocrx_word' id='word_1_39' title='bbox 128 899 144 915; x_wconf 32' lang='grc' dir='ltr'><strong>ι·</strong></span> <span class='ocrx_word' id='word_1_40' title='bbox 204 899 208 905; x_wconf 91' lang='grc'><em>·</em></span> <span class='ocrx_word' id='word_1_41' title='bbox 293 865 334 931; x_wconf 91' lang='lat' dir='ltr'><strong>In</strong></span> <span class='ocrx_word' id='word_1_42' title='bbox 353 863 537 931; x_wconf 87' lang='lat' dir='ltr'><strong>Maniliano</strong></span> <span class='ocrx_word' id='word_1_43' title='bbox 562 860 684 928; x_wconf 81' lang='lat' dir='ltr'><strong>oriendi</strong></span> <span class='ocrx_word' id='word_1_44' title='bbox 703 860 874 946; x_wconf 86' lang='lat' dir='ltr'><strong>Diphilum</strong></span> <span class='ocrx_word' id='word_1_45' title='bbox 893 858 1027 945; x_wconf 85' lang='lat' dir='ltr'><strong>Diphilo</strong></span> <span class='ocrx_word' id='word_1_46' title='bbox 1051 858 1244 926; x_wconf 89' lang='lat' dir='ltr'><strong>tardiorem.</strong></span> <span class='ocrx_word' id='word_1_47' title='bbox 1286 858 1359 927; x_wconf 81' lang='lat' dir='ltr'><strong>Sed</strong></span> 
     </span>
     <span class='ocr_line' id='line_1_7' title="bbox 294 964 1357 1051; baseline -0.006 -15"><span class='ocrx_word' id='word_1_48' title='bbox 294 975 404 1036; x_wconf 91' lang='lat' dir='ltr'><strong>tamen</strong></span> <span class='ocrx_word' id='word_1_49' title='bbox 424 967 507 1033; x_wconf 93' lang='lat' dir='ltr'><strong>nihil</strong></span> <span class='ocrx_word' id='word_1_50' title='bbox 527 967 559 1034; x_wconf 92' lang='lat' dir='ltr'><strong>ei</strong></span> <span class='ocrx_word' id='word_1_51' title='bbox 579 964 732 1032; x_wconf 85' lang='lat' dir='ltr'><strong>restabat</strong></span> <span class='ocrx_word' id='word_1_52' title='bbox 752 969 890 1051; x_wconf 86' lang='lat' dir='ltr'><strong>praeter</strong></span> <span class='ocrx_word' id='word_1_53' title='bbox 910 965 1082 1031; x_wconf 79' lang='lat' dir='ltr'><strong>balnearia</strong></span> <span class='ocrx_word' id='word_1_54' title='bbox 1102 970 1138 1031; x_wconf 91' lang='lat' dir='ltr'><strong>et</strong></span> <span class='ocrx_word' id='word_1_55' title='bbox 1157 965 1357 1031; x_wconf 87' lang='lat' dir='ltr'><strong>ambulatio-</strong></span> 
     </span>
     <span class='ocr_line' id='line_1_8' title="bbox 294 1069 1361 1159; baseline 0 -17"><span class='ocrx_word' id='word_1_56' title='bbox 294 1093 373 1142; x_wconf 88' lang='lat' dir='ltr'><strong>nem</strong></span> <span class='ocrx_word' id='word_1_57' title='bbox 389 1079 428 1143; x_wconf 84' lang='lat' dir='ltr'><strong>et</strong></span> <span class='ocrx_word' id='word_1_58' title='bbox 448 1074 622 1143; x_wconf 80' lang='lat' dir='ltr'><strong>aviarium.</strong></span> <span class='ocrx_word' id='word_1_59' title='bbox 669 1071 764 1138; x_wconf 88' lang='lat' dir='ltr'><strong>Villa</strong></span> <span class='ocrx_word' id='word_1_60' title='bbox 783 1071 863 1139; x_wconf 88' lang='lat' dir='ltr'><strong>mihi</strong></span> <span class='ocrx_word' id='word_1_61' title='bbox 882 1069 984 1137; x_wconf 85' lang='lat' dir='ltr'><strong>valde</strong></span> <span class='ocrx_word' id='word_1_62' title='bbox 1005 1070 1151 1158; x_wconf 77' lang='lat' dir='ltr'><strong>placuit,</strong></span> <span class='ocrx_word' id='word_1_63' title='bbox 1181 1075 1361 1159; x_wconf 79' lang='lat' dir='ltr'><strong>propterea</strong></span> 
     </span>
     <span class='ocr_line' id='line_1_9' title="bbox 294 1176 1360 1268; baseline -0.002 -20"><span class='ocrx_word' id='word_1_64' title='bbox 294 1182 381 1268; x_wconf 90' lang='lat' dir='ltr'><strong>quod</strong></span> <span class='ocrx_word' id='word_1_65' title='bbox 409 1199 569 1247; x_wconf 88' lang='lat' dir='ltr'><strong>summam</strong></span> <span class='ocrx_word' id='word_1_66' title='bbox 599 1176 799 1268; x_wconf 81' lang='lat' dir='ltr'><strong>dignitatem</strong></span> <span class='ocrx_word' id='word_1_67' title='bbox 825 1177 1056 1263; x_wconf 78' lang='lat' dir='ltr'><strong>pavimentata</strong></span> <span class='ocrx_word' id='word_1_68' title='bbox 1076 1177 1227 1264; x_wconf 79' lang='lat' dir='ltr'><strong>porticus</strong></span> <span class='ocrx_word' id='word_1_69' title='bbox 1249 1177 1360 1247; x_wconf 89' lang='lat' dir='ltr'><strong>habe-</strong></span> 
     </span>
     <span class='ocr_line' id='line_1_10' title="bbox 294 1283 1360 1373; baseline -0.005 -19"><span class='ocrx_word' id='word_1_70' title='bbox 294 1288 374 1354; x_wconf 84' lang='lat' dir='ltr'><strong>hat:</strong></span> <span class='ocrx_word' id='word_1_71' title='bbox 408 1285 494 1373; x_wconf 91' lang='lat' dir='ltr'><strong>quod</strong></span> <span class='ocrx_word' id='word_1_72' title='bbox 514 1286 594 1351; x_wconf 92' lang='lat' dir='ltr'><strong>mihi</strong></span> <span class='ocrx_word' id='word_1_73' title='bbox 613 1304 703 1352; x_wconf 87' lang='lat' dir='ltr'><strong>nuno</strong></span> <span class='ocrx_word' id='word_1_74' title='bbox 723 1284 867 1369; x_wconf 89' lang='lat' dir='ltr'><strong>denique</strong></span> <span class='ocrx_word' id='word_1_75' title='bbox 887 1283 1061 1370; x_wconf 79' lang='lat' dir='ltr'><strong>apparuit,</strong></span> <span class='ocrx_word' id='word_1_76' title='bbox 1081 1287 1301 1370; x_wconf 78' lang='lat' dir='ltr'><strong>posteaquam</strong></span> <span class='ocrx_word' id='word_1_77' title='bbox 1322 1286 1360 1350; x_wconf 93' lang='lat' dir='ltr'><strong>et</strong></span> 
     </span>
     <span class='ocr_line' id='line_1_11' title="bbox 294 1388 1358 1481; baseline -0.006 -21"><span class='ocrx_word' id='word_1_78' title='bbox 294 1394 370 1481; x_wconf 88' lang='lat' dir='ltr'><strong>ipsa</strong></span> <span class='ocrx_word' id='word_1_79' title='bbox 397 1396 469 1458; x_wconf 90' lang='lat' dir='ltr'><strong>tota</strong></span> <span class='ocrx_word' id='word_1_80' title='bbox 494 1395 591 1479; x_wconf 87' lang='lat' dir='ltr'><strong>patet</strong></span> <span class='ocrx_word' id='word_1_81' title='bbox 619 1395 655 1457; x_wconf 92' lang='lat' dir='ltr'><strong>et</strong></span> <span class='ocrx_word' id='word_1_82' title='bbox 682 1390 856 1457; x_wconf 80' lang='lat' dir='ltr'><strong>columnae</strong></span> <span class='ocrx_word' id='word_1_83' title='bbox 882 1388 1010 1475; x_wconf 89' lang='lat' dir='ltr'><strong>politae</strong></span> <span class='ocrx_word' id='word_1_84' title='bbox 1031 1392 1121 1454; x_wconf 89' lang='lat' dir='ltr'><strong>sunt.</strong></span> <span class='ocrx_word' id='word_1_85' title='bbox 1174 1388 1296 1454; x_wconf 79' lang='lat' dir='ltr'><strong>&#39;l&#39;otum</strong></span> <span class='ocrx_word' id='word_1_86' title='bbox 1322 1389 1358 1454; x_wconf 93' lang='lat' dir='ltr'><strong>in</strong></span> 
     </span>
    </p>

    <p class='ocr_par' dir='ltr' id='par_1_4' title="bbox 294 1495 1358 1669">
     <span class='ocr_line' id='line_1_12' title="bbox 295 1495 1358 1585; baseline -0.004 -19"><span class='ocrx_word' id='word_1_87' title='bbox 295 1519 336 1567; x_wconf 90' lang='lat' dir='ltr'><strong>eo</strong></span> <span class='ocrx_word' id='word_1_88' title='bbox 359 1502 413 1565; x_wconf 88' lang='lat' dir='ltr'><strong>est</strong></span> <span class='ocrx_word' id='word_1_89' title='bbox 434 1496 583 1585; x_wconf 92' lang='lat' dir='ltr'><strong>-quod</strong></span> <span class='ocrx_word' id='word_1_90' title='bbox 604 1498 683 1563; x_wconf 91' lang='lat' dir='ltr'><strong>mihi</strong></span> <span class='ocrx_word' id='word_1_91' title='bbox 704 1498 770 1563; x_wconf 90' lang='lat' dir='ltr'><strong>erit</strong></span> <span class='ocrx_word' id='word_1_92' title='bbox 790 1513 891 1563; x_wconf 85' lang='lat' dir='ltr'><strong>curae</strong></span> <span class='ocrx_word' id='word_1_93' title='bbox 909 1531 952 1545; x_wconf 90' lang='lat'>-</span> <span class='ocrx_word' id='word_1_94' title='bbox 973 1497 1147 1562; x_wconf 74' lang='lat' dir='ltr'><strong>tectorium</strong></span> <span class='ocrx_word' id='word_1_95' title='bbox 1164 1498 1202 1561; x_wconf 92' lang='lat' dir='ltr'><strong>ut</strong></span> <span class='ocrx_word' id='word_1_96' title='bbox 1218 1495 1358 1562; x_wconf 87' lang='lat' dir='ltr'><strong>oonein-</strong></span> 
     </span>
     <span class='ocr_line' id='line_1_13' title="bbox 294 1597 1358 1669; baseline -0.001 -1"><span class='ocrx_word' id='word_1_97' title='bbox 294 1623 373 1669; x_wconf 93' lang='lat' dir='ltr'><strong>num</strong></span> <span class='ocrx_word' id='word_1_98' title='bbox 400 1603 457 1668; x_wconf 78' lang='lat' dir='ltr'><strong>sit.</strong></span> <span class='ocrx_word' id='word_1_99' title='bbox 507 1600 706 1669; x_wconf 84' lang='lat' dir='ltr'><strong>Pavimenta</strong></span> <span class='ocrx_word' id='word_1_100' title='bbox 724 1602 820 1669; x_wconf 80' lang='lat' dir='ltr'><strong>reete</strong></span> <span class='ocrx_word' id='word_1_101' title='bbox 839 1597 912 1667; x_wconf 79' lang='lat' dir='ltr'><strong>heri</strong></span> <span class='ocrx_word' id='word_1_102' title='bbox 931 1598 1144 1666; x_wconf 83' lang='lat' dir='ltr'><strong>ridebantur.</strong></span> <span class='ocrx_word' id='word_1_103' title='bbox 1194 1598 1358 1668; x_wconf 67' lang='lat' dir='ltr'><strong>camaras</strong></span> 
     </span>
    </p>

    <p class='ocr_par' dir='ltr' id='par_1_5' title="bbox 219 1704 1359 2114">
     <span class='ocr_line' id='line_1_14' title="bbox 219 1704 1359 1797; baseline -0.001 -23"><span class='ocrx_word' id='word_1_104' title='bbox 219 1721 253 1789; x_wconf 68' lang='lat'><strong>2,</strong></span> <span class='ocrx_word' id='word_1_105' title='bbox 296 1706 456 1796; x_wconf 88' lang='lat' dir='ltr'><strong>quasdam</strong></span> <span class='ocrx_word' id='word_1_106' title='bbox 487 1725 555 1772; x_wconf 93' lang='lat' dir='ltr'><strong>non</strong></span> <span class='ocrx_word' id='word_1_107' title='bbox 582 1705 725 1797; x_wconf 80' lang='lat' dir='ltr'><strong>prohavi</strong></span> <span class='ocrx_word' id='word_1_108' title='bbox 750 1706 938 1794; x_wconf 86' lang='lat' dir='ltr'><strong>mutarique</strong></span> <span class='ocrx_word' id='word_1_109' title='bbox 967 1705 1063 1772; x_wconf 85' lang='lat' dir='ltr'><strong>iussi.</strong></span> <span class='ocrx_word' id='word_1_110' title='bbox 1118 1704 1191 1789; x_wconf 79' lang='lat' dir='ltr'><strong>Quo</strong></span> <span class='ocrx_word' id='word_1_111' title='bbox 1219 1705 1294 1773; x_wconf 87' lang='lat' dir='ltr'><strong>loeo</strong></span> <span class='ocrx_word' id='word_1_112' title='bbox 1323 1708 1359 1773; x_wconf 91' lang='lat' dir='ltr'><strong>in</strong></span> 
     </span>
     <span class='ocr_line' id='line_1_15' title="bbox 294 1811 1357 1901; baseline 0 -22"><span class='ocrx_word' id='word_1_113' title='bbox 294 1813 426 1901; x_wconf 83' lang='lat' dir='ltr'><strong>porticu</strong></span> <span class='ocrx_word' id='word_1_114' title='bbox 447 1816 482 1878; x_wconf 90' lang='lat' dir='ltr'><strong>te</strong></span> <span class='ocrx_word' id='word_1_115' title='bbox 502 1811 653 1881; x_wconf 84' lang='lat' dir='ltr'><strong>scrihere</strong></span> <span class='ocrx_word' id='word_1_116' title='bbox 674 1812 770 1881; x_wconf 75' lang='lat' dir='ltr'><strong>aium</strong></span> <span class='ocrx_word' id='word_1_117' title='bbox 789 1815 827 1877; x_wconf 87' lang='lat' dir='ltr'><strong>ut</strong></span> <span class='ocrx_word' id='word_1_118' title='bbox 846 1811 999 1881; x_wconf 83' lang='lat' dir='ltr'><strong>atriolum</strong></span> <span class='ocrx_word' id='word_1_119' title='bbox 1016 1811 1093 1898; x_wconf 83' lang='lat' dir='ltr'><strong>tint,</strong></span> <span class='ocrx_word' id='word_1_120' title='bbox 1114 1811 1213 1900; x_wconf 79' lang='lat' dir='ltr'><strong>mihi,</strong></span> <span class='ocrx_word' id='word_1_121' title='bbox 1236 1816 1357 1898; x_wconf 79' lang='lat' dir='ltr'><strong>otest,</strong></span> 
     </span>
     <span class='ocr_line' id='line_1_16' title="bbox 295 1915 1359 2026; baseline 0 -41"><span class='ocrx_word' id='word_1_122' title='bbox 295 1919 407 2007; x_wconf 79' lang='lat' dir='ltr'><strong>magis</strong></span> <span class='ocrx_word' id='word_1_123' title='bbox 429 1918 598 2006; x_wconf 88' lang='lat' dir='ltr'><strong>plaoehat.</strong></span> <span class='ocrx_word' id='word_1_124' title='bbox 639 1917 770 2026; x_wconf 43' lang='lat' dir='ltr'><strong>Neque·</strong></span> <span class='ocrx_word' id='word_1_125' title='bbox 782 1919 870 1985; x_wconf 90' lang='lat' dir='ltr'><strong>enim</strong></span> <span class='ocrx_word' id='word_1_126' title='bbox 891 1918 975 1985; x_wconf 85' lang='lat' dir='ltr'><strong>satis</strong></span> <span class='ocrx_word' id='word_1_127' title='bbox 993 1916 1058 1983; x_wconf 84' lang='lat' dir='ltr'><strong>loci</strong></span> <span class='ocrx_word' id='word_1_128' title='bbox 1077 1915 1258 1983; x_wconf 86' lang='lat' dir='ltr'><strong>videbatur</strong></span> <span class='ocrx_word' id='word_1_129' title='bbox 1279 1935 1359 1985; x_wconf 83' lang='lat' dir='ltr'><strong>esse</strong></span> 
     </span>
     <span class='ocr_line' id='line_1_17' title="bbox 296 2021 1356 2114; baseline -0.001 -22"><span class='ocrx_word' id='word_1_130' title='bbox 296 2024 440 2092; x_wconf 79' lang='lat' dir='ltr'><strong>atriolo:</strong></span> <span class='ocrx_word' id='word_1_131' title='bbox 470 2044 581 2114; x_wconf 89' lang='lat' dir='ltr'><strong>neque</strong></span> <span class='ocrx_word' id='word_1_132' title='bbox 607 2024 680 2093; x_wconf 84' lang='lat' dir='ltr'><strong>iere</strong></span> <span class='ocrx_word' id='word_1_133' title='bbox 700 2025 798 2097; x_wconf 65' lang='lat' dir='ltr'><strong>solet.</strong></span> <span class='ocrx_word' id='word_1_134' title='bbox 813 2026 879 2103; x_wconf 83' lang='lat' dir='ltr'><strong>nisi</strong></span> <span class='ocrx_word' id='word_1_135' title='bbox 899 2026 996 2095; x_wconf 84' lang='lat' dir='ltr'><strong>iniis</strong></span> <span class='ocrx_word' id='word_1_136' title='bbox 1016 2021 1180 2095; x_wconf 83' lang='lat' dir='ltr'><strong>aediliciis</strong></span> <span class='ocrx_word' id='word_1_137' title='bbox 1200 2022 1292 2113; x_wconf 85' lang='lat' dir='ltr'><strong>heri,</strong></span> <span class='ocrx_word' id='word_1_138' title='bbox 1323 2026 1356 2091; x_wconf 91' lang='lat' dir='ltr'><strong>in</strong></span> 
     </span>
    </p>
   </div>
   <div class='ocr_carea' id='block_1_3' title="bbox 295 2223 1359 2297">
    <p class='ocr_par' dir='ltr' id='par_1_6' title="bbox 295 2223 1359 2297">
     <span class='ocr_line' id='line_1_18' title="bbox 295 2223 1359 2297; baseline 0.001 -18"><span class='ocrx_word' id='word_1_139' title='bbox 295 2223 419 2297; x_wconf 79' lang='lat' dir='ltr'><strong>praedio.</strong></span> <span class='ocrx_word' id='word_1_140' title='bbox 446 2228 483 2279; x_wconf 90' lang='lat' dir='ltr'><strong>V.</strong></span> <span class='ocrx_word' id='word_1_141' title='bbox 499 2225 570 2281; x_wconf 80' lang='lat' dir='ltr'><strong>iutra</strong></span> <span class='ocrx_word' id='word_1_142' title='bbox 585 2225 700 2296; x_wconf 74' lang='lat' dir='ltr'><strong>ep.3‚&#39;i</strong></span> <span class='ocrx_word' id='word_1_143' title='bbox 759 2246 809 2296; x_wconf 83' lang='lat'><strong>‚7.</strong></span> <span class='ocrx_word' id='word_1_144' title='bbox 826 2261 860 2273; x_wconf 90' lang='grc'>-</span> <span class='ocrx_word' id='word_1_145' title='bbox 892 2228 997 2283; x_wconf 69' lang='lat' dir='ltr'><strong>Messall.</strong></span> <span class='ocrx_word' id='word_1_146' title='bbox 1015 2246 1075 2289; x_wconf 73' lang='lat' dir='ltr'><strong>mem</strong></span> <span class='ocrx_word' id='word_1_147' title='bbox 1088 2228 1205 2291; x_wconf 61' lang='lat' dir='ltr'><strong>Ptolom,</strong></span> <span class='ocrx_word' id='word_1_148' title='bbox 1223 2228 1359 2282; x_wconf 77' lang='lat' dir='ltr'><strong>redemto-</strong></span> 
     </span>
    </p>
   </div>
   <div class='ocr_carea' id='block_1_4' title="bbox 294 2243 1359 2564">
    <p class='ocr_par' dir='ltr' id='par_1_7' title="bbox 294 2243 1359 2564">
     <span class='ocr_line' id='line_1_19' title="bbox 295 2243 1358 2371; baseline 0.001 -26"><span class='ocrx_word' id='word_1_149' title='bbox 295 2308 342 2371; x_wconf 71' lang='lat' dir='ltr'><strong>rqa</strong></span> <span class='ocrx_word' id='word_1_150' title='bbox 357 2308 371 2344; x_wconf 84' lang='lat' dir='ltr'><strong>a</strong></span> <span class='ocrx_word' id='word_1_151' title='bbox 395 2308 445 2347; x_wconf 83' lang='lat' dir='ltr'><strong>uae</strong></span> <span class='ocrx_word' id='word_1_152' title='bbox 460 2289 645 2370; x_wconf 70' lang='lat' dir='ltr'><strong>deducendae.</strong></span> <span class='ocrx_word' id='word_1_153' title='bbox 658 2322 690 2337; x_wconf 92' lang='lat'>-</span> <span class='ocrx_word' id='word_1_154' title='bbox 708 2243 831 2356; x_wconf 49' lang='lat' dir='ltr'><strong>’dierunt</strong></span> <span class='ocrx_word' id='word_1_155' title='bbox 848 2293 969 2351; x_wconf 83' lang='lat' dir='ltr'><strong>villioum</strong></span> <span class='ocrx_word' id='word_1_156' title='bbox 983 2293 1011 2347; x_wconf 87' lang='lat' dir='ltr'><strong>in</strong></span> <span class='ocrx_word' id='word_1_157' title='bbox 1025 2298 1145 2360; x_wconf 75' lang='lat' dir='ltr'><strong>Arcano,</strong></span> <span class='ocrx_word' id='word_1_158' title='bbox 1160 2306 1192 2350; x_wconf 87' lang='lat' dir='ltr'><strong>ut</strong></span> <span class='ocrx_word' id='word_1_159' title='bbox 1207 2294 1277 2351; x_wconf 83' lang='lat' dir='ltr'><strong>infra</strong></span> <span class='ocrx_word' id='word_1_160' title='bbox 1310 2331 1317 2347; x_wconf 88' lang='lat'><strong>.</strong></span> <span class='ocrx_word' id='word_1_161' title='bbox 1333 2295 1358 2347; x_wconf 85' lang='lat'><strong>5.</strong></span> 
     </span>
     <span class='ocr_line' id='line_1_20' title="bbox 294 2309 1280 2432; baseline 0.002 -21"><span class='ocrx_word' id='word_1_162' title='bbox 294 2309 522 2430; x_wconf 54' lang='lat' dir='ltr'><strong>hwep‘lorum‘n</strong></span> <span class='ocrx_word' id='word_1_163' title='bbox 538 2360 658 2412; x_wconf 83' lang='lat' dir='ltr'><strong>Laterio.</strong></span> <span class='ocrx_word' id='word_1_164' title='bbox 672 2391 705 2402; x_wconf 90' lang='lat'><em>-</em></span> <span class='ocrx_word' id='word_1_165' title='bbox 738 2361 894 2413; x_wconf 81' lang='lat' dir='ltr'><strong>Maniliano.</strong></span> <span class='ocrx_word' id='word_1_166' title='bbox 918 2360 957 2413; x_wconf 87' lang='lat' dir='ltr'><strong>lta</strong></span> <span class='ocrx_word' id='word_1_167' title='bbox 974 2357 1054 2413; x_wconf 85' lang='lat' dir='ltr'><strong>codd.</strong></span> <span class='ocrx_word' id='word_1_168' title='bbox 1067 2358 1191 2431; x_wconf 86' lang='lat' dir='ltr'><strong>edittque</strong></span> <span class='ocrx_word' id='word_1_169' title='bbox 1207 2358 1280 2432; x_wconf 85' lang='lat' dir='ltr'><strong>apud</strong></span> 
     </span>
     <span class='ocr_line' id='line_1_21' title="bbox 296 2424 1359 2498; baseline -0.001 -20"><span class='ocrx_word' id='word_1_170' title='bbox 296 2424 391 2498; x_wconf 77' lang='lat' dir='ltr'><strong>tiuogl.</strong></span> <span class='ocrx_word' id='word_1_171' title='bbox 408 2424 537 2478; x_wconf 85' lang='lat' dir='ltr'><strong>etOrell.</strong></span> <span class='ocrx_word' id='word_1_172' title='bbox 570 2424 627 2478; x_wconf 91' lang='lat' dir='ltr'><strong>Vul</strong></span> <span class='ocrx_word' id='word_1_173' title='bbox 647 2442 664 2477; x_wconf 94' lang='lat' dir='ltr'><strong>o</strong></span> <span class='ocrx_word' id='word_1_174' title='bbox 683 2426 827 2479; x_wconf 82' lang='lat' dir='ltr'><strong>Manh&#39;uno.</strong></span> <span class='ocrx_word' id='word_1_175' title='bbox 862 2426 930 2479; x_wconf 85' lang='lat' dir='ltr'><strong>Erat</strong></span> <span class='ocrx_word' id='word_1_176' title='bbox 945 2424 1060 2491; x_wconf 76' lang='lat' dir='ltr'><strong>fundus,</strong></span> <span class='ocrx_word' id='word_1_177' title='bbox 1086 2424 1289 2497; x_wconf 84' lang='lat' dir='ltr'><strong>noulongeab</strong></span> <span class='ocrx_word' id='word_1_178' title='bbox 1306 2428 1359 2477; x_wconf 77' lang='lat' dir='ltr'><strong>Ar·</strong></span> 
     </span>
     <span class='ocr_line' id='line_1_22' title="bbox 296 2440 1358 2564; baseline 0.001 -21"><span class='ocrx_word' id='word_1_179' title='bbox 296 2506 367 2543; x_wconf 86' lang='lat' dir='ltr'><strong>cauo</strong></span> <span class='ocrx_word' id='word_1_180' title='bbox 383 2489 491 2543; x_wconf 73' lang='lat' dir='ltr'><strong>dissitus</strong></span> <span class='ocrx_word' id='word_1_181' title='bbox 508 2505 542 2542; x_wconf 85' lang='lat' dir='ltr'><strong>me</strong></span> <span class='ocrx_word' id='word_1_182' title='bbox 566 2506 599 2542; x_wconf 88' lang='lat' dir='ltr'><strong>ue</strong></span> <span class='ocrx_word' id='word_1_183' title='bbox 617 2440 652 2543; x_wconf 57' lang='grc' dir='ltr'><strong>ιιῗι</strong></span> <span class='ocrx_word' id='word_1_184' title='bbox 670 2490 724 2545; x_wconf 89' lang='lat' dir='ltr'><strong>hoo</strong></span> <span class='ocrx_word' id='word_1_185' title='bbox 744 2492 899 2558; x_wconf 80' lang='lat' dir='ltr'><strong>seiunctus,</strong></span> <span class='ocrx_word' id='word_1_186' title='bbox 923 2492 950 2544; x_wconf 92' lang='lat' dir='ltr'><strong>in</strong></span> <span class='ocrx_word' id='word_1_187' title='bbox 972 2507 1030 2562; x_wconf 90' lang='lat' dir='ltr'><strong>quo</strong></span> <span class='ocrx_word' id='word_1_188' title='bbox 1048 2491 1176 2564; x_wconf 77' lang='lat' dir='ltr'><strong>Diphilus</strong></span> <span class='ocrx_word' id='word_1_189' title='bbox 1194 2490 1358 2544; x_wconf 72' lang='lat' dir='ltr'><strong>architectus</strong></span> 
     </span>
    </p>
   </div>
   <div class='ocr_carea' id='block_1_5' title="bbox 1315 2372 1359 2412">
    <p class='ocr_par' dir='ltr' id='par_1_8' title="bbox 1315 2372 1359 2412">
     <span class='ocr_line' id='line_1_23' title="bbox 1315 2372 1359 2412; baseline 0.023 -1"><span class='ocrx_word' id='word_1_190' title='bbox 1315 2372 1359 2412; x_wconf 74' lang='lat' dir='ltr'><strong>tn·</strong></span> 
     </span>
    </p>
   </div>
   <div class='ocr_carea' id='block_1_6' title="bbox 295 2555 1467 4145">
    <p class='ocr_par' dir='ltr' id='par_1_9' title="bbox 295 2555 1467 4080">
     <span class='ocr_line' id='line_1_24' title="bbox 297 2555 1358 2632; baseline 0.002 -24"><span class='ocrx_word' id='word_1_191' title='bbox 297 2556 388 2610; x_wconf 84' lang='lat' dir='ltr'><strong>vittam</strong></span> <span class='ocrx_word' id='word_1_192' title='bbox 402 2557 504 2632; x_wconf 77' lang='lat' dir='ltr'><strong>Quinto</strong></span> <span class='ocrx_word' id='word_1_193' title='bbox 572 2555 687 2609; x_wconf 75' lang='lat' dir='ltr'><strong>&#39;trahae</strong></span> <span class='ocrx_word' id='word_1_194' title='bbox 718 2556 761 2611; x_wconf 83' lang='lat' dir='ltr'><strong>Gi.</strong></span> <span class='ocrx_word' id='word_1_195' title='bbox 778 2558 849 2612; x_wconf 83' lang='lat' dir='ltr'><strong>intra</strong></span> <span class='ocrx_word' id='word_1_196' title='bbox 863 2574 908 2629; x_wconf 89' lang='lat' dir='ltr'><strong>ep.</strong></span> <span class='ocrx_word' id='word_1_197' title='bbox 926 2557 958 2623; x_wconf 72' lang='grc' dir='ltr'><strong>ὃ,</strong></span> <span class='ocrx_word' id='word_1_198' title='bbox 976 2575 1004 2624; x_wconf 79' lang='lat'><strong>¹3</strong></span> <span class='ocrx_word' id='word_1_199' title='bbox 1025 2574 1055 2628; x_wconf 82' lang='lat' dir='ltr'><strong>q,</strong></span> <span class='ocrx_word' id='word_1_200' title='bbox 1070 2576 1096 2628; x_wconf 83' lang='lat'><strong>7.</strong></span> <span class='ocrx_word' id='word_1_201' title='bbox 1114 2590 1145 2601; x_wconf 93' lang='lat'><em>-</em></span> <span class='ocrx_word' id='word_1_202' title='bbox 1180 2559 1284 2627; x_wconf 65' lang='lat' dir='ltr'><strong>Diphilo</strong></span> <span class='ocrx_word' id='word_1_203' title='bbox 1301 2555 1318 2609; x_wconf 84' lang='lat' dir='ltr'><strong>i.</strong></span> <span class='ocrx_word' id='word_1_204' title='bbox 1333 2571 1358 2610; x_wconf 90' lang='lat' dir='ltr'><strong>e.</strong></span> 
     </span>
     <span class='ocr_line' id='line_1_25' title="bbox 296 2620 1358 2694; baseline -0.001 -18"><span class='ocrx_word' id='word_1_205' title='bbox 296 2639 325 2676; x_wconf 85' lang='lat' dir='ltr'><strong>se</strong></span> <span class='ocrx_word' id='word_1_206' title='bbox 340 2622 399 2693; x_wconf 82' lang='lat' dir='ltr'><strong>ipso</strong></span> <span class='ocrx_word' id='word_1_207' title='bbox 416 2639 437 2675; x_wconf 84' lang='lat' dir='ltr'><strong>a.</strong></span> <span class='ocrx_word' id='word_1_208' title='bbox 453 2622 548 2689; x_wconf 74' lang='lat' dir='ltr'><strong>raldo,</strong></span> <span class='ocrx_word' id='word_1_209' title='bbox 572 2637 602 2673; x_wconf 77' lang='lat' dir='ltr'><strong>ae</strong></span> <span class='ocrx_word' id='word_1_210' title='bbox 617 2620 706 2693; x_wconf 82' lang='lat' dir='ltr'><strong>iprum</strong></span> <span class='ocrx_word' id='word_1_211' title='bbox 726 2624 854 2678; x_wconf 84' lang='lat' dir='ltr'><strong>tarditate</strong></span> <span class='ocrx_word' id='word_1_212' title='bbox 869 2642 902 2677; x_wconf 81' lang='lat' dir='ltr'><strong>ru</strong></span> <span class='ocrx_word' id='word_1_213' title='bbox 924 2634 1062 2689; x_wconf 69' lang='lat' dir='ltr'><strong>enatem,</strong></span> <span class='ocrx_word' id='word_1_214' title='bbox 1086 2640 1174 2694; x_wconf 86' lang='lat' dir='ltr'><strong>quum</strong></span> <span class='ocrx_word' id='word_1_215' title='bbox 1191 2625 1243 2677; x_wconf 81' lang='lat' dir='ltr'><strong>iam</strong></span> <span class='ocrx_word' id='word_1_216' title='bbox 1258 2631 1358 2676; x_wconf 83' lang='lat' dir='ltr'><strong>natura</strong></span> 
     </span>
     <span class='ocr_line' id='line_1_26' title="bbox 295 2640 1358 2759; baseline -0.003 -18"><span class='ocrx_word' id='word_1_217' title='bbox 295 2687 385 2759; x_wconf 78' lang='lat' dir='ltr'><strong>regnis</strong></span> <span class='ocrx_word' id='word_1_218' title='bbox 405 2697 483 2740; x_wconf 76' lang='lat' dir='ltr'><strong>earet.</strong></span> <span class='ocrx_word' id='word_1_219' title='bbox 501 2718 536 2733; x_wconf 89' lang='lat'><em>-</em></span> <span class='ocrx_word' id='word_1_220' title='bbox 568 2690 686 2741; x_wconf 80' lang='lat' dir='ltr'><strong>restabat</strong></span> <span class='ocrx_word' id='word_1_221' title='bbox 708 2707 745 2749; x_wconf 70' lang='lat' dir='ltr'><strong>aa,</strong></span> <span class='ocrx_word' id='word_1_222' title='bbox 767 2640 971 2746; x_wconf 54' lang='lat' dir='ltr'><strong>aratrueofuiu.</strong></span> <span class='ocrx_word' id='word_1_223' title='bbox 995 2719 1027 2734; x_wconf 90' lang='lat'><strong>-·</strong></span> <span class='ocrx_word' id='word_1_224' title='bbox 1061 2687 1307 2750; x_wconf 64' lang='lat' dir='ltr'><strong>ambulatorem</strong></span> <span class='ocrx_word' id='word_1_225' title='bbox 1329 2705 1358 2758; x_wconf 90' lang='lat' dir='ltr'><strong>p·</strong></span> 
     </span>
     <span class='ocr_line' id='line_1_27' title="bbox 296 2705 1358 2823; baseline -0.002 -16"><span class='ocrx_word' id='word_1_226' title='bbox 296 2752 443 2820; x_wconf 71' lang='lat' dir='ltr'><strong>aethnam,</strong></span> <span class='ocrx_word' id='word_1_227' title='bbox 471 2752 563 2806; x_wconf 85' lang='lat' dir='ltr'><strong>locum</strong></span> <span class='ocrx_word' id='word_1_228' title='bbox 581 2750 788 2810; x_wconf 82' lang='lat' dir='ltr'><strong>deambulando</strong></span> <span class='ocrx_word' id='word_1_229' title='bbox 809 2756 971 2810; x_wconf 71' lang='lat' dir='ltr'><strong>destinatum</strong></span> <span class='ocrx_word' id='word_1_230' title='bbox 978 2774 988 2823; x_wconf 66' lang='grc' dir='ltr'><strong><em>ς</em></strong></span> <span class='ocrx_word' id='word_1_231' title='bbox 1025 2771 1048 2807; x_wconf 77' lang='lat' dir='ltr'><strong>r.</strong></span> <span class='ocrx_word' id='word_1_232' title='bbox 1062 2754 1175 2810; x_wconf 82' lang='lat' dir='ltr'><strong>Vitruv.</strong></span> <span class='ocrx_word' id='word_1_233' title='bbox 1192 2755 1221 2819; x_wconf 81' lang='grc'><strong>6,</strong></span> <span class='ocrx_word' id='word_1_234' title='bbox 1256 2789 1264 2806; x_wconf 96' lang='grc'><strong>.</strong></span> <span class='ocrx_word' id='word_1_235' title='bbox 1288 2705 1358 2806; x_wconf 64' lang='lat' dir='ltr'><strong>elin.</strong></span> 
     </span>
     <span class='ocr_line' id='line_1_28' title="bbox 296 2817 1356 2888; baseline -0.001 -17"><span class='ocrx_word' id='word_1_236' title='bbox 296 2818 322 2871; x_wconf 93' lang='lat' dir='ltr'><strong>h.</strong></span> <span class='ocrx_word' id='word_1_237' title='bbox 340 2836 366 2871; x_wconf 92' lang='lat' dir='ltr'><strong>n.</strong></span> <span class='ocrx_word' id='word_1_238' title='bbox 384 2817 432 2884; x_wconf 76' lang='lat'><strong>36,</strong></span> <span class='ocrx_word' id='word_1_239' title='bbox 451 2835 496 2885; x_wconf 84' lang='grc' dir='ltr'><strong>ιι,</strong></span> <span class='ocrx_word' id='word_1_240' title='bbox 517 2821 556 2874; x_wconf 83' lang='lat'><strong>18.</strong></span> <span class='ocrx_word' id='word_1_241' title='bbox 577 2851 610 2863; x_wconf 90' lang='lat'>-</span> <span class='ocrx_word' id='word_1_242' title='bbox 650 2825 783 2873; x_wconf 72' lang='lat' dir='ltr'><strong>avianum</strong></span> <span class='ocrx_word' id='word_1_243' title='bbox 807 2839 845 2877; x_wconf 83' lang='lat' dir='ltr'><strong>ac.</strong></span> <span class='ocrx_word' id='word_1_244' title='bbox 866 2823 1024 2888; x_wconf 81' lang='lat' dir='ltr'><strong>stabolum,</strong></span> <span class='ocrx_word' id='word_1_245' title='bbox 1045 2819 1138 2874; x_wconf 84' lang='lat' dir='ltr'><strong>loeunr</strong></span> <span class='ocrx_word' id='word_1_246' title='bbox 1157 2819 1184 2872; x_wconf 90' lang='lat' dir='ltr'><strong>in</strong></span> <span class='ocrx_word' id='word_1_247' title='bbox 1203 2819 1227 2871; x_wconf 83' lang='lat' dir='ltr'><strong>vi</strong></span> <span class='ocrx_word' id='word_1_248' title='bbox 1272 2818 1356 2883; x_wconf 85' lang='lat' dir='ltr'><strong>‚uhi</strong></span> 
     </span>
     <span class='ocr_line' id='line_1_29' title="bbox 296 2882 1357 2953; baseline 0.001 -17"><span class='ocrx_word' id='word_1_249' title='bbox 296 2899 361 2937; x_wconf 83' lang='lat' dir='ltr'><strong>areo</strong></span> <span class='ocrx_word' id='word_1_250' title='bbox 375 2882 518 2939; x_wconf 77' lang='lat' dir='ltr'><strong>alerentur</strong></span> <span class='ocrx_word' id='word_1_251' title='bbox 535 2883 571 2939; x_wconf 81' lang='lat' dir='ltr'><strong>ad</strong></span> <span class='ocrx_word' id='word_1_252' title='bbox 592 2883 804 2941; x_wconf 83' lang='lat' dir='ltr'><strong>oblectationem</strong></span> <span class='ocrx_word' id='word_1_253' title='bbox 825 2888 979 2953; x_wconf 78' lang='lat' dir='ltr'><strong>vietumve3</strong></span> <span class='ocrx_word' id='word_1_254' title='bbox 1002 2905 1027 2939; x_wconf 84' lang='lat' dir='ltr'><strong>v.</strong></span> <span class='ocrx_word' id='word_1_255' title='bbox 1050 2883 1159 2938; x_wconf 87' lang='lat' dir='ltr'><strong>Colum.</strong></span> <span class='ocrx_word' id='word_1_256' title='bbox 1176 2882 1209 2951; x_wconf 87' lang='lat'><strong>8,</strong></span> <span class='ocrx_word' id='word_1_257' title='bbox 1228 2901 1249 2937; x_wconf 91' lang='grc' dir='ltr'><strong>ι.</strong></span> <span class='ocrx_word' id='word_1_258' title='bbox 1272 2886 1357 2940; x_wconf 87' lang='lat' dir='ltr'><strong>Varr.</strong></span> 
     </span>
     <span class='ocr_line' id='line_1_30' title="bbox 296 2947 1360 3070; baseline 0.003 -68"><span class='ocrx_word' id='word_1_259' title='bbox 296 2949 328 3003; x_wconf 87' lang='lat' dir='ltr'><strong>R.</strong></span> <span class='ocrx_word' id='word_1_260' title='bbox 342 2950 375 3003; x_wconf 86' lang='lat' dir='ltr'><strong>R.</strong></span> <span class='ocrx_word' id='word_1_261' title='bbox 392 2968 420 3014; x_wconf 84' lang='grc' dir='ltr'><strong>ι,</strong></span> <span class='ocrx_word' id='word_1_262' title='bbox 436 2949 486 3017; x_wconf 81' lang='lat'><strong>38,</strong></span> <span class='ocrx_word' id='word_1_263' title='bbox 497 2966 529 3019; x_wconf 67' lang='grc' dir='ltr'><strong>ι,</strong></span> <span class='ocrx_word' id='word_1_264' title='bbox 552 2953 584 3019; x_wconf 78' lang='lat'><strong>3,</strong></span> <span class='ocrx_word' id='word_1_265' title='bbox 597 2951 662 3015; x_wconf 79' lang='grc'><strong>3,6</strong></span> <span class='ocrx_word' id='word_1_266' title='bbox 680 2964 708 3008; x_wconf 83' lang='lat' dir='ltr'><strong>et</strong></span> <span class='ocrx_word' id='word_1_267' title='bbox 719 2960 754 3070; x_wconf 59' lang='lat' dir='ltr'><strong>q,</strong></span> <span class='ocrx_word' id='word_1_268' title='bbox 766 2956 791 3007; x_wconf 76' lang='lat'><strong>3.</strong></span> <span class='ocrx_word' id='word_1_269' title='bbox 806 2987 839 2998; x_wconf 89' lang='lat'>-</span> <span class='ocrx_word' id='word_1_270' title='bbox 871 2955 1038 3021; x_wconf 52' lang='lat' dir='ltr'><strong>afflictarem,</strong></span> <span class='ocrx_word' id='word_1_271' title='bbox 1052 2947 1243 3020; x_wconf 75' lang='lat' dir='ltr'><strong>splendorem,</strong></span> <span class='ocrx_word' id='word_1_272' title='bbox 1259 2948 1360 3024; x_wconf 76' lang='lat' dir='ltr'><strong>magni·</strong></span> 
     </span>
     <span class='ocr_line' id='line_1_31' title="bbox 295 3014 1360 3089; baseline 0 -20"><span class='ocrx_word' id='word_1_273' title='bbox 295 3015 448 3082; x_wconf 75' lang='lat' dir='ltr'><strong>licentiam,</strong></span> <span class='ocrx_word' id='word_1_274' title='bbox 465 3033 537 3088; x_wconf 90' lang='lat' dir='ltr'><strong>quae</strong></span> <span class='ocrx_word' id='word_1_275' title='bbox 550 3035 566 3071; x_wconf 83' lang='lat' dir='ltr'><strong>a</strong></span> <span class='ocrx_word' id='word_1_276' title='bbox 579 3019 716 3087; x_wconf 80' lang='lat' dir='ltr'><strong>palchritu</strong></span> <span class='ocrx_word' id='word_1_277' title='bbox 736 3024 777 3069; x_wconf 77' lang='grc' dir='ltr'><strong>ιἰιι</strong></span> <span class='ocrx_word' id='word_1_278' title='bbox 791 3019 828 3073; x_wconf 89' lang='lat' dir='ltr'><strong>ita</strong></span> <span class='ocrx_word' id='word_1_279' title='bbox 843 3017 952 3078; x_wconf 78' lang='lat' dir='ltr'><strong>differt,</strong></span> <span class='ocrx_word' id='word_1_280' title='bbox 969 3027 999 3070; x_wconf 91' lang='lat' dir='ltr'><strong>ut</strong></span> <span class='ocrx_word' id='word_1_281' title='bbox 1011 3014 1126 3089; x_wconf 71' lang='lat' dir='ltr'><strong>dignitas</strong></span> <span class='ocrx_word' id='word_1_282' title='bbox 1141 3014 1360 3084; x_wconf 76' lang='lat' dir='ltr'><strong>admirationem,</strong></span> 
     </span>
     <span class='ocr_line' id='line_1_32' title="bbox 297 3080 1358 3154; baseline -0.003 -17"><span class='ocrx_word' id='word_1_283' title='bbox 297 3083 364 3137; x_wconf 77' lang='lat' dir='ltr'><strong>haee</strong></span> <span class='ocrx_word' id='word_1_284' title='bbox 382 3082 551 3153; x_wconf 78' lang='lat' dir='ltr'><strong>voluptatem</strong></span> <span class='ocrx_word' id='word_1_285' title='bbox 564 3085 673 3139; x_wconf 80' lang='lat' dir='ltr'><strong>exaltet.</strong></span> <span class='ocrx_word' id='word_1_286' title='bbox 689 3085 728 3138; x_wconf 83' lang='lat' dir='ltr'><strong>Gt.</strong></span> <span class='ocrx_word' id='word_1_287' title='bbox 742 3084 836 3137; x_wconf 80' lang='lat' dir='ltr'><strong>Brenni</strong></span> <span class='ocrx_word' id='word_1_288' title='bbox 850 3082 1134 3154; x_wconf 78' lang='lat' dir='ltr'><strong>edCtNep.Themiat.</strong></span> <span class='ocrx_word' id='word_1_289' title='bbox 1144 3082 1168 3135; x_wconf 78' lang='lat' dir='ltr'><strong>d.</strong></span> <span class='ocrx_word' id='word_1_290' title='bbox 1185 3082 1311 3137; x_wconf 82' lang='lat' dir='ltr'><strong>eoll.Cic.</strong></span> <span class='ocrx_word' id='word_1_291' title='bbox 1323 3080 1358 3135; x_wconf 89' lang='lat' dir='ltr'><strong>de</strong></span> 
     </span>
     <span class='ocr_line' id='line_1_33' title="bbox 295 3148 1359 3221; baseline 0.001 -20"><span class='ocrx_word' id='word_1_292' title='bbox 295 3148 353 3202; x_wconf 82' lang='lat' dir='ltr'><strong>inv.</strong></span> <span class='ocrx_word' id='word_1_293' title='bbox 366 3165 397 3214; x_wconf 80' lang='grc' dir='ltr'><strong>ι,</strong></span> <span class='ocrx_word' id='word_1_294' title='bbox 415 3166 437 3203; x_wconf 87' lang='grc' dir='ltr'><strong>ι.</strong></span> <span class='ocrx_word' id='word_1_295' title='bbox 454 3148 510 3203; x_wconf 82' lang='lat' dir='ltr'><strong>Off.</strong></span> <span class='ocrx_word' id='word_1_296' title='bbox 526 3169 550 3217; x_wconf 88' lang='grc' dir='ltr'><strong>ι,</strong></span> <span class='ocrx_word' id='word_1_297' title='bbox 562 3150 653 3206; x_wconf 71' lang='lat'><strong>36...</strong></span> <span class='ocrx_word' id='word_1_298' title='bbox 683 3152 875 3221; x_wconf 77' lang='lat' dir='ltr'><strong>pavimentata,</strong></span> <span class='ocrx_word' id='word_1_299' title='bbox 888 3158 975 3204; x_wconf 82' lang='lat' dir='ltr'><strong>atrata</strong></span> <span class='ocrx_word' id='word_1_300' title='bbox 991 3149 1156 3220; x_wconf 83' lang='lat' dir='ltr'><strong>pauimento,</strong></span> <span class='ocrx_word' id='word_1_301' title='bbox 1194 3148 1249 3219; x_wconf 81' lang='lat' dir='ltr'><strong>uod</strong></span> <span class='ocrx_word' id='word_1_302' title='bbox 1264 3160 1312 3203; x_wconf 83' lang='lat' dir='ltr'><strong>aut</strong></span> <span class='ocrx_word' id='word_1_303' title='bbox 1326 3164 1359 3202; x_wconf 81' lang='lat' dir='ltr'><strong>ex</strong></span> 
     </span>
     <span class='ocr_line' id='line_1_34' title="bbox 296 3214 1359 3289; baseline 0.001 -22"><span class='ocrx_word' id='word_1_304' title='bbox 296 3230 451 3282; x_wconf 84' lang='lat' dir='ltr'><strong>marmore,</strong></span> <span class='ocrx_word' id='word_1_305' title='bbox 469 3226 516 3271; x_wconf 90' lang='lat' dir='ltr'><strong>aut</strong></span> <span class='ocrx_word' id='word_1_306' title='bbox 531 3233 563 3269; x_wconf 86' lang='lat' dir='ltr'><strong>ex</strong></span> <span class='ocrx_word' id='word_1_307' title='bbox 578 3230 665 3289; x_wconf 87' lang='lat' dir='ltr'><strong>opere</strong></span> <span class='ocrx_word' id='word_1_308' title='bbox 680 3215 856 3269; x_wconf 79' lang='lat' dir='ltr'><strong>vermiculato</strong></span> <span class='ocrx_word' id='word_1_309' title='bbox 872 3235 893 3269; x_wconf 81' lang='grc' dir='ltr'><strong>ι.</strong></span> <span class='ocrx_word' id='word_1_310' title='bbox 904 3216 1036 3269; x_wconf 77' lang='lat' dir='ltr'><strong>tesselato</strong></span> <span class='ocrx_word' id='word_1_311' title='bbox 1054 3222 1122 3269; x_wconf 88' lang='lat' dir='ltr'><strong>erat.</strong></span> <span class='ocrx_word' id='word_1_312' title='bbox 1187 3253 1194 3269; x_wconf 99' lang='lat'><strong>.</strong></span> <span class='ocrx_word' id='word_1_313' title='bbox 1209 3214 1359 3269; x_wconf 83' lang='lat' dir='ltr'><strong>hlitsoherl.</strong></span> 
     </span>
     <span class='ocr_line' id='line_1_35' title="bbox 296 3279 1358 3353; baseline -0.003 -17"><span class='ocrx_word' id='word_1_314' title='bbox 296 3279 332 3336; x_wconf 88' lang='lat' dir='ltr'><strong>ad</strong></span> <span class='ocrx_word' id='word_1_315' title='bbox 347 3283 445 3334; x_wconf 84' lang='lat' dir='ltr'><strong>Horat.</strong></span> <span class='ocrx_word' id='word_1_316' title='bbox 461 3280 508 3336; x_wconf 82' lang='lat' dir='ltr'><strong>od.</strong></span> <span class='ocrx_word' id='word_1_317' title='bbox 524 3299 549 3350; x_wconf 81' lang='lat' dir='ltr'><strong>a,</strong></span> <span class='ocrx_word' id='word_1_318' title='bbox 565 3286 603 3349; x_wconf 73' lang='lat' dir='ltr'><strong>iq,</strong></span> <span class='ocrx_word' id='word_1_319' title='bbox 618 3300 657 3353; x_wconf 79' lang='lat'><strong>¹7·</strong></span> <span class='ocrx_word' id='word_1_320' title='bbox 675 3280 732 3335; x_wconf 87' lang='lat' dir='ltr'><strong>Cio.</strong></span> <span class='ocrx_word' id='word_1_321' title='bbox 770 3298 803 3334; x_wconf 92' lang='lat' dir='ltr'><strong>ro</strong></span> <span class='ocrx_word' id='word_1_322' title='bbox 817 3279 891 3335; x_wconf 88' lang='lat' dir='ltr'><strong>dom.</strong></span> <span class='ocrx_word' id='word_1_323' title='bbox 903 3287 946 3350; x_wconf 76' lang='lat' dir='ltr'><strong>qq.</strong></span> <span class='ocrx_word' id='word_1_324' title='bbox 959 3313 993 3325; x_wconf 88' lang='lat'>-</span> <span class='ocrx_word' id='word_1_325' title='bbox 1026 3293 1084 3334; x_wconf 85' lang='lat' dir='ltr'><strong>totu</strong></span> <span class='ocrx_word' id='word_1_326' title='bbox 1092 3294 1182 3351; x_wconf 83' lang='lat' dir='ltr'><strong>patet,</strong></span> <span class='ocrx_word' id='word_1_327' title='bbox 1197 3281 1358 3335; x_wconf 77' lang='lat' dir='ltr'><strong>instrumen-</strong></span> 
     </span>
     <span class='ocr_line' id='line_1_36' title="bbox 296 3299 1381 3418; baseline -0.001 -20"><span class='ocrx_word' id='word_1_328' title='bbox 296 3344 331 3399; x_wconf 82' lang='lat' dir='ltr'><strong>tia</strong></span> <span class='ocrx_word' id='word_1_329' title='bbox 346 3345 492 3401; x_wconf 70' lang='lat' dir='ltr'><strong>fabrilibus</strong></span> <span class='ocrx_word' id='word_1_330' title='bbox 509 3350 629 3403; x_wconf 82' lang='lat' dir='ltr'><strong>remotio.</strong></span> <span class='ocrx_word' id='word_1_331' title='bbox 643 3381 674 3391; x_wconf 92' lang='lat'>-</span> <span class='ocrx_word' id='word_1_332' title='bbox 708 3299 845 3403; x_wconf 48' lang='lat' dir='ltr'><strong>cognitae</strong></span> <span class='ocrx_word' id='word_1_333' title='bbox 858 3349 932 3402; x_wconf 81' lang='lat' dir='ltr'><strong>eirca</strong></span> <span class='ocrx_word' id='word_1_334' title='bbox 946 3347 1091 3418; x_wconf 78' lang='lat' dir='ltr'><strong>porticum.</strong></span> <span class='ocrx_word' id='word_1_335' title='bbox 1107 3381 1141 3395; x_wconf 89' lang='lat'><em>-</em></span> <span class='ocrx_word' id='word_1_336' title='bbox 1178 3350 1271 3400; x_wconf 81' lang='lat' dir='ltr'><strong>Totum</strong></span> <span class='ocrx_word' id='word_1_337' title='bbox 1287 3350 1314 3399; x_wconf 77' lang='lat' dir='ltr'><strong>in</strong></span> <span class='ocrx_word' id='word_1_338' title='bbox 1329 3363 1358 3397; x_wconf 85' lang='lat' dir='ltr'><strong>eo</strong></span> <span class='ocrx_word' id='word_1_339' title='bbox 1377 3346 1381 3365; x_wconf 81' lang='lat'><em>&#39;</em></span> 
     </span>
     <span class='ocr_line' id='line_1_37' title="bbox 296 3404 1357 3485; baseline 0.002 -23"><span class='ocrx_word' id='word_1_340' title='bbox 296 3422 336 3465; x_wconf 78' lang='lat' dir='ltr'><strong>ert</strong></span> <span class='ocrx_word' id='word_1_341' title='bbox 351 3413 367 3465; x_wconf 91' lang='lat' dir='ltr'><strong>i.</strong></span> <span class='ocrx_word' id='word_1_342' title='bbox 381 3429 403 3464; x_wconf 84' lang='lat' dir='ltr'><strong>o.</strong></span> <span class='ocrx_word' id='word_1_343' title='bbox 418 3413 508 3466; x_wconf 86' lang='lat' dir='ltr'><strong>omnia</strong></span> <span class='ocrx_word' id='word_1_344' title='bbox 522 3414 584 3468; x_wconf 88' lang='lat' dir='ltr'><strong>inde</strong></span> <span class='ocrx_word' id='word_1_345' title='bbox 598 3410 726 3485; x_wconf 82' lang='lat' dir='ltr'><strong>pendent.</strong></span> <span class='ocrx_word' id='word_1_346' title='bbox 756 3404 798 3468; x_wconf 73' lang='lat' dir='ltr'><strong>Cf.</strong></span> <span class='ocrx_word' id='word_1_347' title='bbox 813 3412 847 3467; x_wconf 84' lang='lat' dir='ltr'><strong>ad</strong></span> <span class='ocrx_word' id='word_1_348' title='bbox 863 3419 919 3468; x_wconf 71' lang='lat' dir='ltr'><strong>att.</strong></span> <span class='ocrx_word' id='word_1_349' title='bbox 932 3412 964 3480; x_wconf 81' lang='grc'><strong>5,</strong></span> <span class='ocrx_word' id='word_1_350' title='bbox 979 3431 1026 3481; x_wconf 85' lang='grc' dir='ltr'><strong>ιο,</strong></span> <span class='ocrx_word' id='word_1_351' title='bbox 1039 3432 1065 3480; x_wconf 89' lang='lat'><strong>7.</strong></span> <span class='ocrx_word' id='word_1_352' title='bbox 1079 3446 1112 3458; x_wconf 92' lang='lat'>-</span> <span class='ocrx_word' id='word_1_353' title='bbox 1145 3415 1302 3474; x_wconf 79' lang='lat' dir='ltr'><strong>tectorium,</strong></span> <span class='ocrx_word' id='word_1_354' title='bbox 1319 3411 1357 3474; x_wconf 83' lang='lat' dir='ltr'><strong>iu·</strong></span> 
     </span>
     <span class='ocr_line' id='line_1_38' title="bbox 296 3477 1357 3549; baseline -0.003 -19"><span class='ocrx_word' id='word_1_355' title='bbox 296 3477 428 3532; x_wconf 72' lang='lat' dir='ltr'><strong>crustatio</strong></span> <span class='ocrx_word' id='word_1_356' title='bbox 446 3495 479 3531; x_wconf 80' lang='lat' dir='ltr'><strong>ex</strong></span> <span class='ocrx_word' id='word_1_357' title='bbox 495 3481 569 3549; x_wconf 80' lang='lat' dir='ltr'><strong>ealce</strong></span> <span class='ocrx_word' id='word_1_358' title='bbox 588 3493 616 3535; x_wconf 87' lang='lat' dir='ltr'><strong>et</strong></span> <span class='ocrx_word' id='word_1_359' title='bbox 633 3497 726 3535; x_wconf 86' lang='lat' dir='ltr'><strong>arena.</strong></span> <span class='ocrx_word' id='word_1_360' title='bbox 761 3482 797 3536; x_wconf 83' lang='lat' dir='ltr'><strong>V.</strong></span> <span class='ocrx_word' id='word_1_361' title='bbox 810 3481 921 3536; x_wconf 85' lang='lat' dir='ltr'><strong>Vitruv.</strong></span> <span class='ocrx_word' id='word_1_362' title='bbox 933 3498 965 3547; x_wconf 85' lang='lat'><strong>7,</strong></span> <span class='ocrx_word' id='word_1_363' title='bbox 976 3478 1009 3547; x_wconf 75' lang='lat'><strong>33</strong></span> <span class='ocrx_word' id='word_1_364' title='bbox 1028 3480 1060 3547; x_wconf 82' lang='lat'><strong>5,</strong></span> <span class='ocrx_word' id='word_1_365' title='bbox 1079 3497 1116 3533; x_wconf 80' lang='lat' dir='ltr'><strong>ro.</strong></span> <span class='ocrx_word' id='word_1_366' title='bbox 1138 3512 1171 3524; x_wconf 90' lang='lat'><em>-</em></span> <span class='ocrx_word' id='word_1_367' title='bbox 1204 3480 1357 3534; x_wconf 67' lang='lat' dir='ltr'><strong>conciturum</strong></span> 
     </span>
     <span class='ocr_line' id='line_1_39' title="bbox 296 3543 1359 3618; baseline -0.001 -23"><span class='ocrx_word' id='word_1_368' title='bbox 296 3543 313 3596; x_wconf 87' lang='lat' dir='ltr'><strong>i.</strong></span> <span class='ocrx_word' id='word_1_369' title='bbox 330 3554 354 3597; x_wconf 90' lang='lat' dir='ltr'><strong>e.</strong></span> <span class='ocrx_word' id='word_1_370' title='bbox 369 3544 440 3598; x_wconf 87' lang='lat' dir='ltr'><strong>hene</strong></span> <span class='ocrx_word' id='word_1_371' title='bbox 459 3546 568 3600; x_wconf 77' lang='lat' dir='ltr'><strong>mistum</strong></span> <span class='ocrx_word' id='word_1_372' title='bbox 585 3557 638 3600; x_wconf 85' lang='lat' dir='ltr'><strong>eta</strong></span> <span class='ocrx_word' id='word_1_373' title='bbox 661 3559 687 3599; x_wconf 85' lang='lat' dir='ltr'><strong>te</strong></span> <span class='ocrx_word' id='word_1_374' title='bbox 702 3547 900 3618; x_wconf 77' lang='lat' dir='ltr'><strong>compositum,</strong></span> <span class='ocrx_word' id='word_1_375' title='bbox 914 3545 1032 3618; x_wconf 49' lang='lat' dir='ltr'><strong>elegans»</strong></span> <span class='ocrx_word' id='word_1_376' title='bbox 1064 3545 1206 3601; x_wconf 74' lang='lat' dir='ltr'><strong>Manutius</strong></span> <span class='ocrx_word' id='word_1_377' title='bbox 1220 3545 1276 3609; x_wconf 67' lang='lat' dir='ltr'><strong>aire</strong></span> <span class='ocrx_word' id='word_1_378' title='bbox 1293 3559 1359 3595; x_wconf 87' lang='lat' dir='ltr'><strong>con·</strong></span> 
     </span>
     <span class='ocr_line' id='line_1_40' title="bbox 295 3565 1467 3686; baseline -0.002 -24"><span class='ocrx_word' id='word_1_379' title='bbox 295 3608 400 3664; x_wconf 87' lang='lat' dir='ltr'><strong>iectura</strong></span> <span class='ocrx_word' id='word_1_380' title='bbox 418 3610 475 3664; x_wconf 83' lang='lat' dir='ltr'><strong>sive</strong></span> <span class='ocrx_word' id='word_1_381' title='bbox 497 3630 560 3666; x_wconf 87' lang='lat' dir='ltr'><strong>cum</strong></span> <span class='ocrx_word' id='word_1_382' title='bbox 585 3565 664 3666; x_wconf 49' lang='lat' dir='ltr'><strong>codd.</strong></span> <span class='ocrx_word' id='word_1_383' title='bbox 680 3611 762 3683; x_wconf 81' lang='lat' dir='ltr'><strong>legit:</strong></span> <span class='ocrx_word' id='word_1_384' title='bbox 787 3614 959 3670; x_wconf 70' lang='lat' dir='ltr'><strong>contritorem,</strong></span> <span class='ocrx_word' id='word_1_385' title='bbox 985 3609 1061 3682; x_wconf 87' lang='lat' dir='ltr'><strong>quod</strong></span> <span class='ocrx_word' id='word_1_386' title='bbox 1083 3612 1217 3683; x_wconf 76' lang='lat' dir='ltr'><strong>explicat,</strong></span> <span class='ocrx_word' id='word_1_387' title='bbox 1242 3624 1299 3661; x_wconf 77' lang='lat' dir='ltr'><strong>one</strong></span> <span class='ocrx_word' id='word_1_388' title='bbox 1319 3608 1376 3686; x_wconf 79' lang='lat' dir='ltr'><strong>in·</strong></span> <span class='ocrx_word' id='word_1_389' title='bbox 1458 3629 1467 3635; x_wconf 86' lang='lat'>·</span> 
     </span>
     <span class='ocr_line' id='line_1_41' title="bbox 297 3677 1361 3752; baseline 0.002 -25"><span class='ocrx_word' id='word_1_390' title='bbox 297 3677 430 3730; x_wconf 80' lang='lat' dir='ltr'><strong>crustatio</strong></span> <span class='ocrx_word' id='word_1_391' title='bbox 444 3678 527 3732; x_wconf 80' lang='lat' dir='ltr'><strong>rimae</strong></span> <span class='ocrx_word' id='word_1_392' title='bbox 543 3688 620 3752; x_wconf 76' lang='lat' dir='ltr'><strong>agat,</strong></span> <span class='ocrx_word' id='word_1_393' title='bbox 637 3696 671 3731; x_wconf 84' lang='lat' dir='ltr'><strong>ne</strong></span> <span class='ocrx_word' id='word_1_394' title='bbox 687 3677 781 3731; x_wconf 80' lang='lat' dir='ltr'><strong>vitium</strong></span> <span class='ocrx_word' id='word_1_395' title='bbox 796 3678 910 3733; x_wconf 72' lang='lat' dir='ltr'><strong>saciata</strong></span> <span class='ocrx_word' id='word_1_396' title='bbox 928 3709 961 3721; x_wconf 89' lang='lat'><em>-</em></span> <span class='ocrx_word' id='word_1_397' title='bbox 995 3679 1136 3740; x_wconf 74' lang='lat' dir='ltr'><strong>eumerus,</strong></span> <span class='ocrx_word' id='word_1_398' title='bbox 1151 3688 1361 3735; x_wconf 68' lang='lat' dir='ltr'><strong>teotaooneavio</strong></span> 
     </span>
     <span class='ocr_line' id='line_1_42' title="bbox 295 3740 1360 3817; baseline 0 -22"><span class='ocrx_word' id='word_1_399' title='bbox 295 3740 448 3795; x_wconf 80' lang='lat' dir='ltr'><strong>fornicrhuo</strong></span> <span class='ocrx_word' id='word_1_400' title='bbox 471 3761 619 3817; x_wconf 70' lang='lat' dir='ltr'><strong>suspensa,</strong></span> <span class='ocrx_word' id='word_1_401' title='bbox 641 3755 764 3798; x_wconf 79' lang='lat' dir='ltr'><strong>arcuata.</strong></span> <span class='ocrx_word' id='word_1_402' title='bbox 806 3747 841 3799; x_wconf 89' lang='lat' dir='ltr'><strong>V.</strong></span> <span class='ocrx_word' id='word_1_403' title='bbox 864 3744 974 3797; x_wconf 80' lang='lat' dir='ltr'><strong>Vitruv.</strong></span> <span class='ocrx_word' id='word_1_404' title='bbox 996 3745 1028 3813; x_wconf 85' lang='lat'><strong>5,</strong></span> <span class='ocrx_word' id='word_1_405' title='bbox 1050 3761 1088 3797; x_wconf 87' lang='lat' dir='ltr'><strong>ro.</strong></span> <span class='ocrx_word' id='word_1_406' title='bbox 1137 3746 1178 3797; x_wconf 83' lang='lat' dir='ltr'><strong>Da</strong></span> <span class='ocrx_word' id='word_1_407' title='bbox 1203 3740 1360 3797; x_wconf 81' lang='lat' dir='ltr'><strong>diversitate</strong></span> 
     </span>
     <span class='ocr_line' id='line_1_43' title="bbox 297 3805 1360 3881; baseline -0.001 -20"><span class='ocrx_word' id='word_1_408' title='bbox 297 3807 452 3881; x_wconf 82' lang='lat' dir='ltr'><strong>acripturae</strong></span> <span class='ocrx_word' id='word_1_409' title='bbox 471 3810 497 3861; x_wconf 89' lang='lat' dir='ltr'><strong>h.</strong></span> <span class='ocrx_word' id='word_1_410' title='bbox 513 3830 539 3864; x_wconf 89' lang='lat' dir='ltr'><strong>v.</strong></span> <span class='ocrx_word' id='word_1_411' title='bbox 573 3810 687 3867; x_wconf 85' lang='lat' dir='ltr'><strong>Bentivo</strong></span> <span class='ocrx_word' id='word_1_412' title='bbox 706 3811 725 3865; x_wconf 86' lang='lat' dir='ltr'><strong>l.</strong></span> <span class='ocrx_word' id='word_1_413' title='bbox 742 3809 776 3864; x_wconf 86' lang='lat' dir='ltr'><strong>ud</strong></span> <span class='ocrx_word' id='word_1_414' title='bbox 793 3810 819 3864; x_wconf 90' lang='lat' dir='ltr'><strong>h.</strong></span> <span class='ocrx_word' id='word_1_415' title='bbox 832 3809 851 3864; x_wconf 94' lang='lat' dir='ltr'><strong>l.</strong></span> <span class='ocrx_word' id='word_1_416' title='bbox 870 3807 1001 3863; x_wconf 80' lang='lat' dir='ltr'><strong>adnotat:</strong></span> <span class='ocrx_word' id='word_1_417' title='bbox 1029 3812 1165 3865; x_wconf 75' lang='lat' dir='ltr'><strong>»Cumara</strong></span> <span class='ocrx_word' id='word_1_418' title='bbox 1183 3805 1360 3869; x_wconf 73' lang='lat' dir='ltr'><strong>aetihendum</strong></span> 
     </span>
     <span class='ocr_line' id='line_1_44' title="bbox 298 3828 1361 3954; baseline 0 -28"><span class='ocrx_word' id='word_1_419' title='bbox 298 3874 436 3953; x_wconf 74' lang='lat' dir='ltr'><strong>affirmant</strong></span> <span class='ocrx_word' id='word_1_420' title='bbox 451 3871 606 3954; x_wconf 58' lang='lat' dir='ltr'><strong>charisiqq</strong></span> <span class='ocrx_word' id='word_1_421' title='bbox 625 3894 652 3947; x_wconf 94' lang='lat' dir='ltr'><strong>p.</strong></span> <span class='ocrx_word' id='word_1_422' title='bbox 663 3828 710 3945; x_wconf 66' lang='lat' dir='ltr'><strong>lig,</strong></span> <span class='ocrx_word' id='word_1_423' title='bbox 728 3894 761 3930; x_wconf 86' lang='lat' dir='ltr'><strong>ex</strong></span> <span class='ocrx_word' id='word_1_424' title='bbox 776 3874 880 3932; x_wconf 88' lang='lat' dir='ltr'><strong>Verrio</strong></span> <span class='ocrx_word' id='word_1_425' title='bbox 895 3875 1017 3945; x_wconf 76' lang='lat' dir='ltr'><strong>Flacco,=</strong></span> <span class='ocrx_word' id='word_1_426' title='bbox 1035 3887 1063 3930; x_wconf 84' lang='lat' dir='ltr'><strong>ot</strong></span> <span class='ocrx_word' id='word_1_427' title='bbox 1082 3876 1234 3933; x_wconf 73' lang='lat' dir='ltr'><strong>Burmann.</strong></span> <span class='ocrx_word' id='word_1_428' title='bbox 1260 3871 1295 3929; x_wconf 87' lang='lat' dir='ltr'><strong>ad</strong></span> <span class='ocrx_word' id='word_1_429' title='bbox 1311 3875 1361 3950; x_wconf 57' lang='lat'><strong>1²⁰&amp;</strong></span> 
     </span>
     <span class='ocr_line' id='line_1_45' title="bbox 297 3939 1359 4011; baseline 0.006 -17"><span class='ocrx_word' id='word_1_430' title='bbox 297 3950 418 3994; x_wconf 79' lang='lat' dir='ltr'><strong>tranium</strong></span> <span class='ocrx_word' id='word_1_431' title='bbox 434 3954 459 3990; x_wconf 84' lang='lat' dir='ltr'><strong>e.</strong></span> <span class='ocrx_word' id='word_1_432' title='bbox 474 3941 522 4004; x_wconf 76' lang='lat' dir='ltr'><strong>do,</strong></span> <span class='ocrx_word' id='word_1_433' title='bbox 542 3959 670 3995; x_wconf 83' lang='lat' dir='ltr'><strong>nimirum</strong></span> <span class='ocrx_word' id='word_1_434' title='bbox 703 3952 735 3997; x_wconf 91' lang='lat' dir='ltr'><strong>ut</strong></span> <span class='ocrx_word' id='word_1_435' title='bbox 754 3942 853 3996; x_wconf 83' lang='lat' dir='ltr'><strong>Graeci</strong></span> <span class='ocrx_word' id='word_1_436' title='bbox 872 3941 944 4004; x_wconf 76' lang='grc' dir='ltr'><strong>καμά</strong></span> <span class='ocrx_word' id='word_1_437' title='bbox 959 3961 996 4011; x_wconf 70' lang='lat'><strong>⁶3</strong></span> <span class='ocrx_word' id='word_1_438' title='bbox 1027 3958 1132 3993; x_wconf 79' lang='lat' dir='ltr'><strong>oaoaera</strong></span> <span class='ocrx_word' id='word_1_439' title='bbox 1150 3950 1243 3999; x_wconf 69' lang='lat' dir='ltr'><strong>tamea</strong></span> <span class='ocrx_word' id='word_1_440' title='bbox 1257 3939 1359 3999; x_wconf 73' lang='lat' dir='ltr'><strong>bahent</strong></span> 
     </span>
     <span class='ocr_line' id='line_1_46' title="bbox 297 4003 1278 4080; baseline 0.004 -22"><span class='ocrx_word' id='word_1_441' title='bbox 297 4005 460 4075; x_wconf 75' lang='lat' dir='ltr'><strong>Lucretius,</strong></span> <span class='ocrx_word' id='word_1_442' title='bbox 476 4003 620 4059; x_wconf 88' lang='lat' dir='ltr'><strong>Vitruvius</strong></span> <span class='ocrx_word' id='word_1_443' title='bbox 636 4025 663 4074; x_wconf 85' lang='lat'><strong>7,</strong></span> <span class='ocrx_word' id='word_1_444' title='bbox 677 4011 708 4075; x_wconf 78' lang='lat' dir='ltr'><strong>d,</strong></span> <span class='ocrx_word' id='word_1_445' title='bbox 725 4019 752 4062; x_wconf 84' lang='lat' dir='ltr'><strong>et</strong></span> <span class='ocrx_word' id='word_1_446' title='bbox 768 4006 872 4061; x_wconf 79' lang='lat' dir='ltr'><strong>Pliniuu</strong></span> <span class='ocrx_word' id='word_1_447' title='bbox 888 4008 923 4064; x_wconf 87' lang='lat' dir='ltr'><strong>N.</strong></span> <span class='ocrx_word' id='word_1_448' title='bbox 988 4005 1118 4080; x_wconf 71' lang='lat' dir='ltr'><strong>pluribus</strong></span> <span class='ocrx_word' id='word_1_449' title='bbox 1135 4005 1163 4061; x_wconf 84' lang='lat' dir='ltr'><strong>iu</strong></span> <span class='ocrx_word' id='word_1_450' title='bbox 1178 4008 1278 4062; x_wconf 75' lang='lat' dir='ltr'><strong>lotia«</strong></span> 
     </span>
    </p>

    <p class='ocr_par' dir='ltr' id='par_1_10' title="bbox 363 4069 1358 4145">
     <span class='ocr_line' id='line_1_47' title="bbox 363 4069 1358 4145; baseline 0.003 -19"><span class='ocrx_word' id='word_1_451' title='bbox 363 4070 387 4140; x_wconf 85' lang='lat'><strong>§.</strong></span> <span class='ocrx_word' id='word_1_452' title='bbox 414 4089 437 4126; x_wconf 83' lang='grc' dir='ltr'><strong>ι.</strong></span> <span class='ocrx_word' id='word_1_453' title='bbox 476 4072 535 4137; x_wconf 82' lang='lat' dir='ltr'><strong>Quo</strong></span> <span class='ocrx_word' id='word_1_454' title='bbox 556 4070 614 4123; x_wconf 78' lang='lat' dir='ltr'><strong>loco</strong></span> <span class='ocrx_word' id='word_1_455' title='bbox 635 4075 662 4122; x_wconf 80' lang='grc' dir='ltr'><strong>ιἰι</strong></span> <span class='ocrx_word' id='word_1_456' title='bbox 683 4076 791 4145; x_wconf 68' lang='lat' dir='ltr'><strong>portora</strong></span> <span class='ocrx_word' id='word_1_457' title='bbox 812 4097 844 4121; x_wconf 83' lang='lat'>=</span> <span class='ocrx_word' id='word_1_458' title='bbox 869 4074 948 4129; x_wconf 84' lang='lat' dir='ltr'><strong>looua</strong></span> <span class='ocrx_word' id='word_1_459' title='bbox 970 4072 999 4126; x_wconf 88' lang='lat' dir='ltr'><strong>in</strong></span> <span class='ocrx_word' id='word_1_460' title='bbox 1018 4069 1144 4144; x_wconf 85' lang='lat' dir='ltr'><strong>porticu,</strong></span> <span class='ocrx_word' id='word_1_461' title='bbox 1171 4090 1230 4144; x_wconf 80' lang='lat' dir='ltr'><strong>quo</strong></span> <span class='ocrx_word' id='word_1_462' title='bbox 1255 4081 1308 4129; x_wconf 73' lang='lat' dir='ltr'><strong>eet.</strong></span> <span class='ocrx_word' id='word_1_463' title='bbox 1326 4102 1358 4116; x_wconf 92' lang='lat'>-</span> 
     </span>
    </p>
   </div>
   <div class='ocr_carea' id='block_1_7' title="bbox 0 0 1515 5067">
    <p class='ocr_par' dir='ltr' id='par_1_11' title="bbox 0 0 1515 5067">
     <span class='ocr_line' id='line_1_48' title="bbox 0 0 1515 5067; baseline 0 0"><span class='ocrx_word' id='word_1_464' title='bbox 0 0 1515 5067; x_wconf 95' lang='lat' dir='ltr'><strong> </strong></span> 
     </span>
    </p>
   </div>
  </div>
 </body>
</html>
