3009 5067
532 265 793 367 annona.
913 352 976 359 ,.
1144 299 1194 366 so

138 485 220 553 rium
248 489 358 553 autem
388 487 539 551 nostrum
563 484 599 547 in
624 482 778 548 lecticam
807 482 998 550 mehercule
1025 482 1193 550 coniecis-

139 610 233 680 sem,
264 610 333 661 nun
359 589 451 655 illam
478 587 574 675 regis
602 587 787 655 Ptolemaei
812 587 1032 676 Anicianam,
1061 588 1193 656 memini

137 697 225 763 enim
248 715 344 782 quum
367 693 531 759 hominem
550 695 719 778 portarem
739 692 783 759 ad
805 693 909 759 Baias
930 693 1076 780 Neapoli
1097 701 1194 762 octo·
1253 757 1255 759 ,

138 801 242 888 phoru
263 800 451 886 Asiciano,
484 798 779 888 machaerophoris
807 805 941 868 centum
960 802 1195 886 sequentibus,

138 910 240 975 mirus
261 907 350 974 maus
371 924 434 973 nos
455 902 576 993 edere,
608 925 706 991 quum
731 905 790 972 ille
816 907 959 993 ignarus
981 909 1033 972 sui
1054 907 1195 974 comita-

139 1022 216 1104 tus,
237 1016 376 1102 repente
396 1013 528 1099 aperuit
542 1011 707 1099 lecticam,
728 1018 764 1079 et
778 1031 888 1099 paene
904 1013 961 1081 ille
976 1015 1105 1102 timore,
1127 1033 1195 1101 ego

137 1123 209 1188 risu
230 1121 349 1196 corrui.
390 1120 509 1205 Hunc,
532 1120 569 1183 ut
589 1117 689 1206 uico,
706 1122 800 1183 certe
820 1117 1052 1206 sustulissem,
1074 1122 1111 1184 ut
1128 1120 1195 1184 ali-

140 1224 272 1312 quando
293 1223 510 1291 subtilitatem
530 1222 658 1288 veteris
684 1222 883 1289 urbanitatis
908 1227 945 1288 et
970 1223 1197 1290 humanissimi

136 1331 304 1397 sermonis
317 1331 532 1417 attingerem.
573 1328 646 1419 Sed
663 1329 828 1396 huminem
844 1329 1007 1397 infirmum
1027 1330 1062 1395 in
1080 1329 1195 1396 uillam

140 1443 290 1524 apertam
311 1456 352 1504 ac
372 1452 416 1502 ne
435 1435 551 1504 rudem
572 1434 705 1522 quidem
725 1438 912 1504 etiamnunc
931 1436 1079 1501 invitare
1094 1435 1196 1502 nolui.

138 1547 212 1613 Hoc
239 1558 322 1613 vero
348 1543 428 1609 mihi
456 1541 626 1629 peculiare
652 1541 776 1631 fuerit,
809 1542 864 1609 hio
893 1542 994 1609 etiam
1020 1542 1088 1607 isto
1119 1540 1194 1608 frui.
1237 1531 1270 1597 ³·
1348 1592 1350 1597 ,

137 1651 227 1719 Nam
246 1651 376 1716 illorum
397 1649 604 1736 praediorum
620 1648 707 1715 scito
725 1649 805 1715 mihi
818 1648 963 1714 vicinum
979 1645 1120 1712 Marium
1139 1646 1195 1712 lu-

138 1776 215 1824 men
241 1774 331 1825 esse.
379 1756 479 1844 Apud
510 1757 663 1824 Anicium
683 1755 870 1825 videbimus
898 1759 932 1820 ut
958 1759 1111 1846 paratum
1138 1752 1195 1821 sit.
1301 1802 1302 1805 ,

86 1855 104 1939 f
136 1867 213 1936 Nos
235 1866 322 1935 enim
342 1866 390 1934 ita
410 1863 576 1954 philologi
594 1880 726 1948 sumus,
747 1867 785 1929 ut
804 1861 862 1929 vel
885 1879 959 1927 cum
976 1859 1081 1927 fabris
1096 1858 1194 1928 habi-

140 2073 243 2140 vluieti‚
265 2076 348 2142 siafit
371 2074 387 2126 ἰ.
403 2089 427 2128 e.
447 2074 521 2128 huuc
545 2092 640 2128 rerum
662 2074 787 2129 ordinem
809 2075 1004 2131 succuris-
1045 2072 1086 2132 ,ἴα
1107 2075 1192 2139 πάσας

138 2156 174 2192 sc.
191 2142 347 2205 μελεδῶνας,
364 2138 441 2191 mitta
459 2155 554 2192 omncs
570 2157 659 2192 curas.
673 2172 706 2185 -
738 2143 776 2194 M.
791 2141 918 2202 Marr'um,
939 2141 1073 2194 hominem
1087 2141 1194 2196 infirma

140 2203 312 2270 valetudine,
328 2204 472 2256 literarum
489 2203 578 2256 studio
593 2203 722 2258 deditum.
756 2207 792 2262 V.
806 2204 840 2258 ad
853 2204 905 2257 div.
922 2223 953 2271 7,
969 2223 1022 2259 na.
1032 2207 1090 2273 3,-4.
1109 2207 1194 2283 Quin·

141 2279 188 2333 tus
202 2270 230 2322 iu
248 2269 363 2338 epistola
383 2285 432 2321 sua
446 2269 561 2322 miratus
579 2284 640 2322 esse
660 2267 784 2333 videtur,
810 2285 862 2321 cur
881 2271 996 2323 Marcus
1019 2272 1195 2340 proficiscens

139 2336 213 2389 hune
226 2350 397 2389 communem
411 2333 535 2405 ipsorum
552 2333 667 2387 amicum
682 2351 737 2391 nou
752 2350 846 2389 secum
859 2351 907 2389 rus
920 2332 1064 2389 abduxerit
1069 2353 1078 2401 3
1097 2336 1195 2391 Cicero
1281 2338 1286 2344 ’

137 2418 248 2454 causam
266 2399 348 2454 affert
360 2400 495 2479 infirmam
512 2398 571 2452 eius
587 2400 777 2454 valetudinem.
794 2432 827 2444 -
859 2402 887 2451 a'n
900 2401 961 2454 icat.
972 2419 1007 2456 m.
1019 2402 1194 2463 cuns'aus'ssem,

137 2478 169 2522 ut
179 2482 288 2520 mecum
301 2465 329 2519 in
343 2466 435 2520 vallam
448 2466 583 2520 tollerem.
599 2497 633 2525 ‚-
663 2468 735 2535 regio
746 2466 903 2528 Ptolomaei,
917 2482 1003 2537 quarn
1012 2466 1196 2546 Ptolemaeus,

57 2542 61 2551 “
136 2532 255 2605 Aegypti
276 2548 381 2599 rex,a
397 2531 503 2585 civibus
520 2531 575 2584 suia
597 2532 695 2603 pulsus
718 2530 822 2586 Romae
838 2548 925 2612 quum
942 2543 1028 2599 esset,
1053 2532 1104 2585 ribi
1124 2543 1196 2588 strar

137 2607 285 2652 curaverat
302 2596 459 2671 magnifiee,
476 2597 573 2667 deinde
590 2597 933 2662 recommemorata,
950 2599 997 2652 uni
1015 2616 1049 2652 ex
1062 2599 1120 2655 suis
1138 2614 1196 2652 ere·

136 2661 286 2730 olitoribus,
303 2663 380 2716 euius
396 2679 565 2735 opera'usus
583 2674 653 2729 erat,
670 2662 743 2719 dono
754 2662 877 2720 dederat.
909 2664 1069 2736 Signiheare
1087 2662 1196 2718 videtur

136 2731 298 2783 &Amatam
320 2739 483 2784 sanatorem.
516 2731 552 2785 V.
570 2728 607 2789 ad,
622 2728 823 2799 div,7‚26,a;
849 2747 894 2794 ra,
909 2748 957 2798 ar,
975 2730 1127 2802 quirillum
1142 2732 1195 2785 Pu·

136 2796 215 2850 teolis
239 2796 266 2849 in
289 2796 438 2867 Campania
458 2810 548 2867 prope
571 2795 732 2850 Ciceronem
751 2794 921 2875 possidebat.
940 2829 974 2841 -
1012 2798 1195 2866 machaeropb.

137 2873 204 2916 cent.
221 2880 292 2934 sep,
315 2879 386 2933 quos
402 2862 501 2916 Cicero
519 2861 639 2916 sortasse
655 2863 689 2914 ab
706 2862 802 2916 Anicio
814 2872 967 2927 sumserat,
982 2864 1088 2916 Marius
1104 2874 1196 2915 autern

138 2926 174 2979 ab
190 2927 265 2981 initio
287 2946 343 2982 uon
362 2924 474 2984 viderat.
519 2929 614 3004 Quare
634 2927 693 2995 hio,
718 2926 775 2980 ioci
791 2928 918 3047 ignarus,
941 2928 969 2980 iu
989 2927 1087 2982 itinere
1104 2928 1196 2982 subita

138 2995 226 3062 specie
243 2995 410 3063 perterritus
426 3003 477 3048 est.
493 3025 525 3037 -
560 2995 703 3062 octopboro
721 2991 738 3046 i.
760 3008 783 3046 e.
809 2993 894 3046 ectica
911 2993 947 3046 ab
964 3005 1028 3047 octo
1042 2994 1195 3054 horninibus

139 3067 258 3127 portata:
291 3061 326 3113 V.
341 3060 417 3113 Verr
443 3062 530 3122 5311.
557 3058 634 3114 Suet.
651 3059 790 3140 calipti
809 3059 926 3113 Martial.
941 3060 972 3126 6,
986 3059 1034 3128 84,
1050 3079 1121 3113 ι.κ-
1143 3076 1197 3110 mu·

137 3123 322 3192 abueropluris
338 3123 352 3176 iv
368 3139 392 3178 a.
408 3124 498 3196 gladio
512 3126 617 3187 cinctis,
633 3125 806 3181 satellrtlbus.
820 3154 853 3164 -
880 3129 996 3197 apertast,
1010 3135 1118 3178 remoto
1133 3124 1196 3176 velo

40 3202 45 3209 ·
138 3198 226 3259 caput
244 3189 370 3242 electica
384 3189 512 3244 exseruit.
528 3222 558 3233 -
591 3193 686 3255 Hunc,
702 3205 732 3244 ua
747 3193 812 3244 dabo.
846 3191 888 3244 lta
904 3191 1061 3244 coniecerat
1073 3190 1195 3253 Manut,

162 3255 188 3308 ui
205 3254 303 3307 haecce
318 3254 471 3310 adnotavit:
486 3255 585 3309 uFacit
598 3257 650 3310 huc
665 3256 781 3323 Cicero,
794 3274 881 3328 quum
894 3256 928 3310 de
942 3256 1036 3328 aliquo
1052 3267 1197 3326 aggressus

138 3270 247 3384 gicero,
261 3317 295 3370 de
308 3319 405 3373 eodem
418 3319 521 3391 aliquid
536 3335 551 3371 a
566 3336 598 3372 rc
611 3331 702 3374 tamen
714 3323 858 3393 proposita
871 3324 1024 3376 seiunctum
1037 3319 1197 3390 interponit,
1232 3372 1234 3376 ,

137 3403 238 3444 rursus
253 3382 344 3451 adid,
362 3383 437 3457 quod
452 3403 502 3440 coe
524 3395 600 3452 crat,
617 3389 834 3454 reversus,²huc
849 3389 937 3442 utitur
948 3385 1078 3459 loquendi
1089 3385 1196 3441 modos

136 3457 187 3509 Est
201 3451 285 3524 igitur
301 3452 470 3531 epanalepsis.
534 3451 599 3532 ulgo
616 3463 687 3504 tunc.
703 3481 736 3494 -
769 3455 957 3524 utaliquando
975 3495 1020 3508 .,.
1039 3454 1197 3517 attrhgerem

137 3521 154 3576 i.
170 3539 193 3574 e.
211 3527 241 3572 ut
254 3515 362 3570 urbano
376 3517 449 3575 illrus,
464 3516 714 3586 humanussimoque
729 3533 864 3582 sermone,
882 3528 1004 3571 veterum
1019 3516 1122 3571 salibus
1134 3530 1197 3569 con·

118 3640 122 3647 ,
138 3585 195 3639 clito
209 3585 331 3637 fruerer.
345 3614 376 3624 —-
410 3596 548 3652 apertum,
565 3599 638 3656 quae
650 3599 734 3637 aurae
747 3584 900 3653 permeanti
911 3593 1002 3654 patet,
1016 3601 1050 3634 uc
1063 3600 1095 3632 ne
1106 3583 1197 3635 rudem

138 3653 255 3722 quatiam,
273 3649 316 3702 vix
330 3665 363 3702 eo
380 3665 470 3720 usque
487 3659 671 3717 exstructam,
690 3658 719 3704 ut
735 3649 876 3704 subtecto
891 3646 1016 3702 habitare
1032 3647 1119 3703 licoat.

205 3749 231 3810 s.
248 3744 271 3795 3.
305 3743 372 3794 miti
382 3741 527 3810 peculiare,
544 3736 661 3814 propria
677 3756 738 3793 mea
752 3741 890 3811 voluptas,
904 3737 969 3791 mihi
983 3738 1061 3792 nullo
1074 3757 1137 3794 curu
1149 3738 1197 3791 ho·

138 3806 210 3860 mine
227 3806 435 3865 communia-
468 3807 575 3859 illorum
586 3808 759 3877 praediorum
779 3806 807 3858 in
822 3821 890 3877 agro
905 3805 1061 3876 Campano,
1084 3804 1132 3859 ubi
1150 3804 1197 3857 vil·

138 3874 194 3927 lam
210 3873 291 3925 Marii
305 3874 391 3929 fuisse
405 3881 483 3944 patet
500 3889 534 3926 ex
551 3890 596 3944 ep.
614 3873 649 3925 ad
665 3871 718 3926 dir.
730 3890 762 3942 7,
775 3870 806 3934 3,
819 3890 840 3923 ι.
855 3901 889 3914 -
922 3870 1008 3922 lumen
1023 3870 1039 3923 i.
1051 3888 1075 3926 e.
1088 3869 1197 3924 luminis

138 3939 219 4002 loco,
254 3937 415 3993 ratissimum
455 3939 531 3992 velut
545 3939 656 4007 lumen,
681 3954 738 4009 quo
756 3937 837 3990 aedes
855 3937 1085 3990 illustramur.-
1119 3936 1199 4004 Apud

129 3954 282 4065 ammuh,
304 3996 382 4059 cuiue
403 3977 468 4058 villa
487 4004 515 4060 iu
531 4004 685 4075 Puteolano
704 4002 847 4057 Ciceronis
867 4001 949 4082 ¹villere
974 4002 1060 4056 vicina
1080 4010 1148 4081 erat.
1160 4031 1197 4079 .-
1275 4044 1277 4055 .

139 4070 439 4208 ttttttlchht
453 4079 486 4126 ¹¹³
502 4070 592 4191 ΜΨ
607 4066 1198 4206 tltlt-‘tt⁰5¹⁰'tttlthhtttlt

441 4168 496 4193 .-·
537 4155 610 4208 rap
647 4155 720 4189 oua
769 4154 794 4188 aa
843 4154 900 4188 ιιι
