3009 5067
317 315 367 387 32
455 326 492 387 Μ.
514 326 545 385 Τ.
566 322 747 387 CICERONIS
769 315 921 388 tristem
942 321 989 387 ΑΙ)
1013 326 1044 397 Ο.
1065 321 1232 386 FRATREM

307 503 607 589 ‚exspectationem
627 503 675 568 tui
696 521 958 591 concursumque
979 487 1072 589 euin,
1103 505 1158 590 qui
1184 507 1258 569 eret
1280 502 1378 569 rutu-
1491 531 1492 584 o

318 627 398 697 rus,
430 610 461 674 si
489 628 556 675 ons
584 614 692 676 tecum
714 608 896 677 decederet
914 627 1024 696 neque
1045 615 1124 679 unte
1144 611 1241 695 visus
1252 617 1378 701 esset,

319 715 479 804 sustulit3
507 714 543 780 id
568 714 648 782 mihi
674 734 741 783 non
768 717 973 783 incommode
992 717 1102 784 visum
1122 722 1177 784 est
1196 718 1377 786 eccidisse.

318 821 513 888 Exhaustus
534 826 590 888 est
610 822 698 890 enim
718 839 828 888 sermo
849 822 1013 890 bominem
1034 829 1070 890 et
1091 824 1212 891 muttse
1230 825 1379 892 emissae
1491 897 1492 900 ,

319 928 384 994 iam
405 927 566 994 eiusmodi
585 946 708 1015 voces,
736 929 810 988 ἀλλ’
831 928 900 990 nisi
921 950 999 989 τινα
1023 940 1122 1008 φῶτα
1146 933 1266 1016 μέγαν·
1290 949 1380 1017 quite
1491 923 1492 928 ἵ

268 1079 277 1096 .
320 1038 355 1100 tc
376 1033 517 1102 absente
538 1034 692 1101 coniectu
713 1049 793 1101 esse
820 1030 950 1099 laetor(
991 1031 1087 1114 Quod
1114 1038 1226 1102 eutem
1254 1036 1380 1103 idcirco

322 1158 344 1206 s
365 1142 400 1206 te
420 1141 542 1206 missus
564 1144 636 1221 est,
658 1138 736 1204 mibi
756 1141 794 1203 nt
813 1156 853 1205 se
873 1142 1056 1224 purgaret,
1085 1135 1121 1203 id
1141 1157 1287 1207 necesse
1312 1141 1379 1207 mi-

322 1246 410 1312 nime
435 1244 506 1309 fuit.
555 1241 700 1310 Primum
729 1245 816 1311 enim
837 1261 1003 1328 nunquam
1030 1242 1088 1309 iile
1111 1242 1190 1308 mibi
1209 1242 1274 1310 tuit
1294 1267 1380 1314 sus.
1491 1281 1492 1332 p

322 1353 462 1439 P⁰⁰t¹¹⁸²
481 1368 590 1436 neque
611 1368 700 1440 ego,
721 1369 809 1437 quae
830 1349 875 1417 ed
895 1356 931 1417 te
951 1350 994 1417 de
1013 1349 1071 1418 illo
1090 1350 1231 1440 scripsi,
1252 1353 1380 1438 scripsi
1491 1339 1492 1386 i

322 1455 555 1545 meoiudicio,
577 1455 641 1522 scd
661 1474 762 1543 quum
780 1458 867 1524 ratio
886 1445 1045 1547 salusque
1062 1459 1203 1525 omnium
1217 1458 1379 1546 nostrum,

324 1564 381 1651 qui
400 1562 444 1631 sd
464 1580 535 1630 rem
563 1562 727 1650 publicum
753 1564 959 1657 secedimus,
989 1585 1057 1632 non
1080 1550 1228 1632 ‘veritate
1253 1565 1380 1651 sotum,

324 1669 387 1737 sed
404 1670 506 1735 etism
520 1668 611 1736 inme
629 1670 811 1759 niteretur,
833 1690 1007 1739 sermones
1022 1672 1067 1738 ud
1085 1679 1119 1739 te
1134 1670 1272 1761 eliorum
1287 1688 1383 1737 sem-
1491 1683 1492 1696 ¹

324 1794 407 1864 per,
437 1795 505 1843 non
531 1794 606 1843 mee
634 1776 757 1843 iudicis
782 1779 979 1865 perscripsi.
1033 1777 1097 1862 Qui
1126 1776 1256 1865 quidem
1285 1795 1382 1864 quam

325 1882 520 1971 trequentes
540 1888 657 1950 esseut
677 1889 712 1951 et
731 1902 830 1972 quem
849 1902 1001 1974 moves,
1033 1880 1184 1949 adventu
1212 1901 1276 1948 suo
1295 1880 1383 1950 sto-

327 2089 397 2165 Quia
416 2089 503 2146 Statio
521 2091 575 2147 sibi
593 2088 751 2147 fidelissimo
775 2108 871 2148 rerum
895 2087 1107 2146 domesticarum
1128 2105 1223 2146 curam
1244 2091 1397 2156 commite,

326 2167 387 2224 rat,
404 2158 570 2225 verebatur,
587 2174 637 2226 ne,
660 2155 724 2212 ihm
746 2160 768 2213 is
785 2159 910 2220 abesset.
932 2157 1004 2212 servi
1022 2159 1082 2224 sui,
1099 2155 1234 2229 quidquid
1253 2166 1382 2228 possent,

327 2223 542 2279 interverterent
564 2233 613 2278 sut
634 2223 796 2296 diriperent.
815 2258 848 2272 -
890 2235 1031 2293 exspectat.
1045 2227 1097 2287 toti,
1114 2224 1225 2280 sonem
1244 2224 1381 2278 correxit:
1491 2231 1492 2264 ἕ

328 2302 471 2360 exspectat.
488 2294 549 2353 soi,
565 2290 619 2344 boc
636 2306 734 2348 sensu:
762 2300 934 2363 »propterca
954 2307 1017 2343 eum
1038 2291 1141 2344 venisse
1159 2292 1274 2355 laetor,¹
1290 2286 1382 2360 quod,

271 2379 277 2390 ·
328 2356 350 2410 si
369 2374 423 2411 una
438 2366 530 2411 tecum
548 2354 694 2411 decederet
708 2373 800 2429 neque
816 2367 878 2410 ante
895 2356 967 2408 visus
982 2366 1067 2420 esset,
1085 2371 1180 2427 magna
1199 2354 1257 2407 eius
1273 2371 1382 2426 exspec-

329 2422 396 2476 tatio
413 2433 441 2476 ct
456 2439 607 2476 concursus
622 2421 656 2473 sd
675 2439 737 2475 eum
757 2420 903 2476 ridendum
916 2421 1029 2474 futurus
1043 2421 1154 2476 fnisset:
1194 2419 1247 2472 uod
1262 2421 1311 2473 tibi
1328 2437 1382 2473 nou

369 2497 424 2541 sset
446 2503 506 2540 esse
529 2504 584 2540 non
607 2487 790 2544 molestume·
821 2486 896 2541 addit
916 2487 998 2542 Scins
1028 2488 1152 2541 »Parum
1211 2486 1323 2540 noritice
1347 2484 1382 2539 de

329 2559 418 2607 tratre
438 2568 490 2605 suo
511 2550 635 2606 dicturus
657 2554 755 2608 fuisset
774 2526 890 2621 (licere,
913 2554 937 2607 si
958 2571 1057 2604 omnem
1076 2555 1131 2604 dns
1155 2552 1383 2624 exspectationem

330 2618 467 2672 sublatam
486 2633 544 2669 csse
560 2616 694 2674 diceret«
728 2623 766 2674 At
780 2618 833 2673 hoc
851 2636 906 2674 non
925 2617 991 2672 dicit
1003 2619 1117 2687 Cicero,
1131 2616 1179 2672 scd
1197 2614 1384 2673 tantummodo
1491 2645 1492 2648 ¹

330 2682 558 2753 exspectationem
574 2693 603 2738 at
617 2700 783 2739 concursum
797 2686 1002 2746 malevolorum,
1019 2685 1068 2757 qui
1083 2685 1214 2750 Statium,
1234 2694 1312 2737 antea
1327 2698 1385 2738 ser·

333 2766 412 2817 rum,
435 2765 509 2802 nunc
527 2749 606 2804 nimis
641 2751 773 2807 ratiosuns
820 2751 886 2805 uinti
901 2750 1049 2818 libertum,
1073 2750 1153 2804 simul
1171 2767 1233 2803 cum
1252 2751 1312 2821 ipso
1331 2751 1384 2803 tio·

331 2829 403 2867 mant
416 2811 577 2869 redeuntem
594 2817 619 2870 ri
640 2834 687 2872 ere
702 2817 866 2883 voluissent,
883 2815 1020 2870 sublatam
1033 2818 1160 2871 laetetur.
1195 2814 1288 2892 Quare
1301 2816 1385 2869 tectio
1477 2853 1480 2868 .

330 2890 473 2949 respectat.
487 2884 530 2934 tsi
542 2899 578 2954 pr
597 2883 632 2939 bs
648 2882 767 2939 ridetur.
791 2883 861 2937 Nem
874 2900 961 2955 quum
975 2882 1079 2936 Statius
1095 2878 1211 2935 venisset
1227 2889 1289 2933 ente
1301 2881 1385 2958 Quin-

333 2955 410 3012 tum,
426 2958 574 3017 exspectati
592 2968 654 3005 nem
673 2950 754 3005 buius
771 2959 884 3003 eatenus
903 2937 1027 3015 sustulit,
1052 2956 1188 3020 quatenus
1206 2944 1264 3000 sinc
1281 2946 1384 3022 Quinto

332 3029 388 3066 non
407 3011 571 3084 sperabant,
590 3015 651 3071 fore
666 3027 697 3072 ut
710 3025 824 3089 possent
837 3012 930 3068 videre
945 3013 1076 3067 libertum
1089 3011 1157 3084 ejus.
1170 3045 1204 3058 -
1234 3011 1307 3063 nisus
1320 3012 1385 3064 esset

332 3095 371 3136 sc.
382 3078 496 3135 Rornae.
509 3112 543 3124 --
576 3094 601 3134 st
614 3083 713 3137 multae
729 3085 798 3137 emrb.
814 3083 868 3134 sitm
883 3084 972 3133 siosm.
988 3097 1071 3133 voces.
1106 3076 1150 3133 Ad
1167 3080 1245 3134 b.vv.
1260 3088 1386 3151 repeten-

333 3144 399 3199 dum
416 3159 476 3198 esse
491 3148 632 3216 reboamus
645 3160 724 3211 sunt,
741 3149 812 3202 bene
828 3155 920 3200 monet
936 3143 1025 3199 Orell.
1048 3143 1141 3218 Vulgo
1153 3144 1180 3197 le
1198 3146 1270 3200 'turz
1287 3145 1385 3198 multet.

333 3244 366 3256 -
383 3214 442 3264 ἀλλ’
458 3212 508 3265 cisi
521 3233 577 3266 rme
593 3219 678 3282 φῶτα.
718 3213 791 3268 Sunt
810 3211 896 3266 verba
915 3211 1075 3283 Polyphemi
1100 3208 1175 3283 apud
1219 3228 1272 3266 om.
1289 3210 1383 3282 Odyss.

333 3296 366 3350 9,
381 3277 430 3332 ⁵13
446 3293 487 3349 sq.
507 3278 587 3346 irati,
611 3277 687 3352 quod
704 3278 740 3331 sb
759 3278 866 3334 bomine
882 3287 937 3333 tam
953 3278 1053 3347 pusilio
1069 3287 1182 3349 tamque
1198 3277 1336 3332 imbecillo
1353 3276 1385 3329 sit

334 3354 512 3410 excaecatus,
528 3362 615 3418 quum
631 3362 703 3398 uma
741 3362 759 3399 o
776 3345 870 3416 aliquo
885 3360 917 3398 ec
932 3342 1055 3399 formoso
1072 3344 1131 3397 viro
1148 3340 1222 3396 aeid
1241 3359 1384 3414 passurum

336 3410 533 3482 suspiceretur.
571 3409 698 3468 Indicant
736 3410 778 3468 ,1.
799 3427 855 3465 non
875 3426 935 3464 esse
952 3409 1071 3468 Sturium
1086 3410 1188 3477 talem,
1211 3410 1322 3480 qualem
1338 3425 1386 3479 pu·

336 3483 446 3531 tasmmt.
475 3478 550 3532 Hsec
563 3476 625 3531 ideo
640 3477 675 3531 ds
690 3477 778 3534 Statio
791 3474 862 3531 dicta
878 3491 951 3534 esse.
968 3476 1034 3546 quia
1046 3473 1140 3554 Quinti
1156 3475 1260 3528 παιδικὰ
1275 3490 1295 3526 s.
1315 3488 1385 3527 sma-

336 3539 393 3594 sius
412 3542 514 3610 fuerit,
542 3560 634 3616 nequo
657 3544 721 3599 satis
742 3543 882 3598 formosus
905 3540 1047 3595 rideretur
1068 3538 1220 3594 delicatulis
1245 3538 1388 3605 Romanis,

337 3621 410 3725 (⁸1:¹85
426 3608 574 3730 ⁸bttb⁷·ielslrpdii
587 3610 719 3731 steptcntis
735 3619 792 3677 est,
814 3607 906 3661 nescio
924 3623 1008 3677 quem
1025 3607 1182 3661 resumsit.
1200 3639 1230 3651 -
1270 3602 1386 3672 corrsecta

326 3727 330 3734 .
408 3690 425 3725 u
474 3692 516 3742 ‚s
538 3692 597 3732 sum
629 3718 635 3733 .

404 3760 433 3821 ς.
451 3769 475 3806 n.
503 3774 625 3826 purgare
644 3779 677 3808 =
700 3754 881 3811 innocentiam
903 3773 981 3811 suam
1001 3756 1133 3830 probare.
1167 3754 1207 3809 cf.
1229 3756 1263 3836 Q.
1283 3754 1340 3813 Cic.
1356 3754 1387 3810 de

340 3825 395 3889 pet.
410 3819 492 3873 Cous.
508 3839 534 3891 p.
583 3857 637 3877 .-
668 3824 885 3877 meoiudicio:
898 3824 1119 3890 messanensis,
1136 3820 1237 3879 sed'ob
1253 3822 1387 3875 hominum
1491 3845 1492 3886 ἕ

339 3899 490 3939 sermones.
524 3888 565 3940 C.
584 3886 618 3942 ad
636 3894 693 3945 att.
712 3904 741 3957 s,
762 3906 793 3969 ¹9
813 3888 869 3946 init.
884 3923 917 3934 -
956 3892 1029 3942 ratio
1052 3891 1078 3944 b.
1095 3887 1113 3968 Ιξ
1133 3886 1249 3954 utilitas,
1273 3903 1388 3969 commo·
1491 3909 1492 3966 p

339 3948 421 4016 duro,
443 3952 576 4007 Interesse.
591 3985 626 3997 -
657 3955 739 4022 sanna
753 3965 892 4016 noceretur,
925 3956 966 4010 Ex
982 3956 1055 4009 sams
1071 3971 1156 4021 emm,
1174 3954 1308 4034 qusquis
1325 3953 1388 4006 frur-
1491 3977 1492 4020 ᾗ

340 4028 389 4072 tur
406 4012 480 4087 spud
499 4014 567 4068 alios
580 4019 720 4135 ,sapientis
743 4018 794 4072 viri
811 4031 895 4092 atque
912 4019 1097 4095 integerrimi,
1119 4019 1212 4074 oritur
1231 4039 1260 4074 m
1283 4018 1388 4090 populis

341 4081 482 4153 persuasio
505 4080 622 4135 obedien
635 4100 690 4149 ree,
716 4087 774 4138 sine
800 4103 853 4154 qua
877 4104 958 4141 nemo
980 4086 1101 4159 populos
1121 4101 1221 4161 regere
1242 4095 1339 4158 potest.
1358 4116 1390 4129 -

328 4151 396 4221 *Qui
414 4150 515 4221 quidem
533 4165 571 4203 sc.
588 4164 737 4206 sermones.
752 4181 782 4194 -
816 4154 965 4221 iniquorum
986 4177 1019 4203 a
1041 4168 1154 4224 corum,
1177 4153 1227 4229 qui
1244 4150 1293 4209 tibi
1307 4149 1392 4209 minus
