3009 5067
314 295 363 366 6⁰
451 300 487 364 ll
508 298 540 362 T.
560 295 743 365 CIOERONIS
764 298 916 364 ariston
936 298 984 365 lo
1005 300 1037 374 Q.
1058 298 1225 363 FRATREM

669 663 940 780 nmsuona
963 665 1012 740 ιι

360 823 467 900 Scripta
487 820 589 882 Romae
608 820 677 883 XIV.
697 821 757 883 Kal.
776 822 858 883 Febr.
877 822 910 881 rt
930 821 962 882 U.
983 820 1013 882 C.
1036 820 1096 882 698
1117 824 1157 895 (a
1177 819 1239 881 Chr.
1261 770 1324 894 56]Ι

444 918 495 982 Cu.
514 919 629 990 Lentulo
647 920 822 997 Marcellino,
841 920 872 980 lc
891 920 995 981 ilorcio
1016 920 1139 997 Philippo
1160 920 1237 980 Coss.

314 1064 523 1130 mmm.
556 1058 676 1112 Excusat
691 1056 836 1129 epistulam
857 1073 914 1111 non
928 1070 979 1110 aua
994 1054 1242 1128 manuscriptam,
1268 1056 1370 1109 mrim·

381 1156 437 1213 quc
448 1138 543 1196 litam
556 1140 590 1193 ad
605 1138 721 1194 fratmrn
734 1136 812 1193 datas
818 1156 829 1208 3
845 1136 881 1191 ds
894 1135 1006 1192 Lentuli
1022 1146 1050 1192 ct
1062 1136 1135 1191 Sesti
1148 1135 1303 1191 nominibus
1317 1135 1371 1189 exi·

375 1219 486 1296 gandia,
504 1230 532 1274 ct
543 1219 736 1293 Pomponianis
751 1218 814 1273 inda
828 1214 1006 1273 dissolvendis
1011 1235 1021 1286 3
1041 1215 1076 1271 da
1088 1216 1230 1273 Culleonis
1242 1217 1370 1272 auctione

381 1320 392 1355 1
400 1320 411 1371 3
433 1298 468 1355 da
482 1300 576 1356 framis
592 1299 794 1368 aedificatione,
817 1309 845 1355 et
858 1299 979 1354 furiosae
997 1297 1087 1354 clodii
1102 1296 1243 1352 aedilitatis
1257 1314 1369 1370 exspec-

377 1383 480 1438 tatione
494 1399 529 1452 ις
550 1380 585 1437 ds
599 1398 681 1438 caum
698 1380 849 1437 Ptolemaei
864 1384 937 1455 ragis
953 1380 981 1435 in
996 1385 1152 1453 Aegyptum
1168 1377 1319 1434 reducendi
1334 1380 1370 1447 ὃς

338 1533 342 1538 ,
379 1461 499 1539 danique
509 1462 644 1534 fratruum,
660 1474 792 1538 utquam
809 1468 929 1537 primum
947 1480 964 1518 e
982 1463 1110 1520 Sardinia
1123 1461 1233 1533 redcat,
1248 1471 1328 1535 rogat
1343 1467 1370 1529 4.

581 1609 775 1683 amous
796 1611 836 1696 o.
857 1608 1091 1680 ussurus

240 1726 270 1791 ¹·
391 1732 472 1800 Non
498 1736 736 1823 occupatione,
764 1754 830 1823 qua
858 1752 949 1801 eram
976 1732 1277 1828 saneimpeditus,
1306 1711 1370 1797 sed

311 1840 454 1927 parvula
480 1838 678 1930 lippitudine
706 1841 873 1909 adductus
904 1860 999 1930 sum,
1029 1845 1068 1906 ut
1096 1839 1256 1906 dictarem
1283 1837 1370 1904 hanc

312 1946 490 2033 epistolam
510 1952 545 2015 et
565 1968 658 2035 non,
678 1953 716 2017 ut
736 1948 781 2017 ad
801 1953 837 2017 te
857 1947 973 2037 soleo,
993 1947 1069 2035 ipse
1089 1945 1282 2013 scriberem.
1322 1943 1370 2010 int

310 2054 451 2141 primurn
465 2073 518 2121 me
533 2055 594 2122 tibi
608 2074 733 2124 excuso
748 2055 783 2123 in
799 2076 839 2124 eo
855 2057 951 2145 ipso,
968 2055 1003 2122 in
1020 2070 1085 2142 quo
1102 2057 1138 2120 te
1152 2070 1295 2119 accuso:
1316 2067 1369 2115 me

313 2155 401 2231 enirn
422 2179 518 2229 nemo
542 2162 652 2230 adhuc
672 2164 829 2251 rogavit,
850 2182 929 2228 num
948 2159 1027 2248 quid
1041 2158 1279 2229 inSardiniam
1291 2156 1367 2223 val-

313 2267 401 2333 lemc
422 2270 456 2333 te
472 2271 553 2355 puto
572 2285 674 2355 saepe
688 2265 825 2353 habere,
840 2270 915 2355 qui:
933 2287 1011 2334 num
1024 2266 1103 2354 quid
1114 2269 1254 2334 Romam
1269 2263 1368 2351 valis,

313 2377 485 2460 quaerant.
540 2371 637 2456 Quod
665 2372 710 2441 ad
736 2394 789 2443 me
819 2373 861 2441 de
881 2371 1016 2442 Lentuli
1043 2383 1080 2440 et
1105 2371 1212 2441 Sestii
1239 2371 1370 2437 nomine

313 2480 491 2567 scripsisti,
506 2478 637 2547 locutus
653 2499 726 2545 sunu
742 2498 815 2546 cunr
828 2477 955 2547 Cincio.
991 2478 1127 2567 Quoquo
1142 2479 1240 2546 modo
1256 2495 1313 2544 res
1329 2492 1369 2543 se

313 2588 434 2673 habet,
465 2606 534 2654 non
554 2590 609 2652 est
628 2587 803 2677 facillima,
836 2589 899 2657 sed
919 2589 1022 2657 habet
1042 2589 1193 2677 proiecto
1215 2585 1370 2675 quiddam

313 2691 473 2762 Sardinia
487 2692 676 2779 appositum
689 2693 734 2760 ad
747 2694 1011 2763 recordationem
1024 2696 1227 2783 praeteritae
1241 2710 1369 2761 merno-

312 2799 394 2863 riac.
429 2797 531 2888 Nam,
545 2799 651 2866 utillo
665 2797 837 2868 Gracchus
850 2820 972 2891 augur,
985 2807 1206 2889 posteaquam
1220 2801 1255 2867 iu
1268 2801 1370 2866 istam

312 2904 518 2990 provinciam
544 2906 658 2994 venit,
687 2908 887 2975 recordatus
913 2911 983 2993 est,
1012 2905 1090 3000 quid
1110 2905 1173 2970 sibi
1192 2904 1228 2969 in
1249 2921 1368 2990 campo

298 3011 437 3083 *Mucio
458 3012 590 3080 comitia
610 3013 784 3080 consulum
803 3014 939 3081 habenti
967 3017 1083 3078 contra
1103 3009 1255 3097 auspicia
1274 3008 1369 3077 acci-

379 3203 408 3266 ς,
427 3215 447 3250 ι.
481 3199 508 3248 sia
525 3214 553 3249 ao
610 3215 625 3249 o
664 3197 808 3250 literarum
825 3157 1017 3266 infreqdentia.
1035 3226 1069 3239 -
1102 3196 1253 3249 Sardiniam
1273 3216 1300 3253 v.
1323 3214 1367 3269 ep.

569 3216 609 3249 aa
632 3236 643 3259 ,

268 3362 270 3366 ,
312 3216 721 3400 incrassatae
735 3264 980 3382 sitarciae
996 3259 1367 3386 taraaaalalaaa

312 3370 451 3448 solvenda.
466 3426 499 3440 -
531 3396 628 3447 Cincio.
662 3395 694 3447 L.
709 3372 820 3449 Cincius
838 3344 920 3449 ardel
940 3368 1048 3469 napulie
1066 3347 1169 3448 Ronssa'e
1189 3367 1368 3468 procurabatz

312 3462 349 3518 V.
370 3459 404 3513 ad
425 3465 481 3517 Aac.
499 3460 662 3530 r,1;7;8;
681 3460 907 3530 16c1tr.;4‚4.
929 3494 962 3506 -
1005 3462 1368 3531 opponadrscordprcct,

312 3543 385 3583 mem.
402 3527 419 3582 l.
435 3543 459 3581 a.
482 3526 558 3601 quod
577 3526 691 3581 maxime
709 3528 783 3581 valet
802 3526 836 3579 ad
856 3525 1023 3585 excitandam
1042 3543 1137 3580 aarum
1152 3542 1249 3580 rerum
1265 3541 1367 3579 mamo-

312 3590 394 3658 riam,
413 3609 532 3671 quarum
551 3592 630 3647 obliti
644 3609 748 3647 sumus.
762 3623 795 3636 -
828 3593 890 3646 Tib.
903 3592 1086 3664 Sempronius
1099 3594 1248 3652 Gracchus,
1265 3590 1322 3643 Caii
1337 3601 1368 3646 et

219 3673 246 3730 j*
312 3655 416 3710 Tiberii
436 3669 533 3734 pater,
557 3659 710 3731 proconsul
730 3656 757 3709 in
779 3658 906 3730 Sardinia
926 3656 1108 3725 recordatus,
1134 3657 1162 3712 in
1183 3655 1367 3726 designatione

312 3723 457 3780 contulum
472 3743 528 3779 non
541 3735 617 3780 recta
634 3742 650 3779 a
667 3740 697 3780 sc
716 3740 823 3796 augure
841 3735 869 3778 et
883 3725 998 3777 consule
1008 3723 1218 3778 tabernaculum
1228 3737 1287 3774 esso
1302 3738 1367 3795 cap-

311 3797 387 3853 tum,
410 3788 446 3843 ds
463 3792 514 3846 hac
531 3809 563 3846 ae
580 3789 614 3845 ad
631 3807 768 3864 angurum
785 3791 930 3865 collegium
947 3791 1018 3844 miait
1024 3809 1033 3859 3
1057 3806 1175 3863 auguros
1188 3786 1225 3839 ad
1239 3798 1366 3843 senatum

311 3856 485 3925 retulerunt,
501 3857 549 3931 qni
564 3868 595 3911 ut
609 3856 736 3912 consules
749 3856 910 3912 abdicarent
924 3858 1046 3926 consuit3
1062 3856 1089 3910 id
1101 3852 1181 3975 puod
1194 3853 1298 3907 facturn
1316 3866 1366 3911 cst.

311 3938 337 3973 v·
352 3920 409 3982 Clo.
424 3923 459 3981 li.
471 3932 504 3983 D.
516 3941 549 3991 a,
561 3927 585 3989 4.
601 3922 635 3978 da
648 3923 729 3978 divin
747 3942 776 3991 ι,
795 3941 834 3985 ¹7·
856 3924 922 3979 Val.
934 3925 1008 3977 Man
1024 3941 1049 3991 a,
1065 3941 1087 3988 1,
1123 3938 1132 3987 3
1154 3918 1227 3974 Plut
1241 3921 1365 3978 Marcell.

334 4029 340 4041 .
359 4006 415 4044 roo.
433 4021 467 4035 -
500 3991 606 4056 comitto
623 3988 760 4043 consulum
773 3991 893 4051 halama,
910 4006 974 4042 cum
990 3987 1175 4043 scenitarum
1188 3987 1287 4042 consul
1300 4002 1364 4039 eum

310 4004 351 4107 kl.
367 4053 494 4111 Iuventio
511 4053 633 4127 annino,
657 4066 686 4109 ct
704 4051 816 4123 quidam
839 4056 932 4126 priore
954 4056 1017 4108 loco
1036 4062 1162 4122 creatus,
1189 4052 1239 4126 qui
1258 4050 1365 4107 comitia

312 4120 474 4176 consulibus
485 4118 624 4200 aequantia
639 4120 702 4174 anni
715 4117 844 4194 rogandis
857 4120 960 4179 habers
974 4118 1088 4174 colebat.
