3009 5067
529 265 604 357 lm.
623 266 666 332 nt.
706 269 758 331 oe.
779 268 799 330 1.
1046 256 1052 269 '
1130 265 1196 335 rae

138 458 208 524 tius
220 453 371 542 perferri
391 454 530 541 vellem,
552 453 603 519 illi
623 452 759 519 darem:
786 452 873 539 quod
892 456 1081 523 mehercule
1101 456 1196 522 bisce

139 563 264 650 literis,
287 579 371 649 quas
392 560 500 646 vulgo
522 556 567 623 ad
582 561 617 623 te
634 557 939 652 mitto„nibiliere
955 559 1084 647 scribo,
1107 559 1196 646 quod
1224 616 1229 625 ,

140 670 171 734 si
195 671 231 734 in
258 666 401 735 alieuius
429 683 547 731 manus
573 664 747 753 inciderit,
777 664 920 731 moleste
945 664 1119 732 ferendum
1139 668 1194 733 sit.

140 775 286 841 Minucio
307 779 362 837 rne'
382 776 416 838 et
437 768 556 837 Salvio
577 777 612 838 et
632 769 782 836 Labeoni
802 769 1030 836 reservabam.
1081 770 1196 839 Labeo

139 885 251 948 autem
272 877 371 943 tarde
390 876 619 963 proficiscetur
632 881 691 944 aut
704 875 759 942 hie
771 874 927 942 manebit.
970 875 1197 962 Hippodamus

140 1005 184 1054 ne
204 983 361 1071 numquid
381 984 503 1050 vellem
518 983 655 1070 'quidem
673 983 823 1070 rogavit.
866 981 906 1048 Τ.
922 982 1078 1048 Pinarius
1099 999 1194 1049 ama·
1234 982 1291 1052 22.

142 1089 230 1155 biles
257 1088 300 1154 ad
327 1105 381 1155 me
409 1088 452 1155 de
479 1094 514 1155 te
539 1089 655 1156 literas
681 1090 802 1155 mittit:
835 1107 875 1156 se
899 1090 1042 1156 maxime
1070 1089 1197 1176 literis,

118 1196 371 1285 sermonibus,
401 1196 517 1262 coenis
548 1195 691 1282 denique
720 1197 786 1260 tuis
814 1194 986 1264 delectari.
1035 1196 1071 1262 Is
1100 1196 1198 1262 homo

142 1321 277 1390 semper
295 1321 349 1370 me
368 1301 551 1369 delectavit
565 1302 735 1385 fraterque
751 1300 825 1365 eius
842 1319 969 1367 mecum
983 1305 1038 1366 est
1048 1300 1198 1367 multum.

141 1407 272 1496 Quare,
293 1413 331 1474 ot
349 1409 544 1498 instituisti,
566 1410 786 1497 complectere
807 1406 1063 1474 adolescentem.

222 1514 324 1599 Quod
343 1516 466 1582 multos
488 1516 562 1583 dies
577 1512 750 1606 epistolam
763 1514 798 1578 in
811 1514 963 1579 manibus
979 1513 1080 1579 habui
1092 1534 1199 1600 prop·
1241 1517 1317 1585 vll.
1334 1514 1390 1583 23.

141 1625 196 1687 ter
217 1622 503 1687 commorationem
525 1620 793 1708 tabellariorum,
819 1618 895 1686 ideo
922 1620 1025 1686 multa
1046 1620 1198 1688 coniecta

142 1731 222 1795 sunt
242 1727 333 1819 aliud
354 1727 419 1794 alio
448 1731 617 1816 tempore,
647 1727 741 1794 velut
767 1727 838 1793 boc.
892 1726 932 1792 Τ.
952 1727 1093 1793 Anicius
1119 1727 1197 1793 mihi

141 1851 244 1920 saepe
263 1835 328 1900 iam
349 1833 434 1900 dixit
453 1853 533 1900 sese
554 1834 632 1923 tibi,
653 1834 877 1901 suburbanum
890 1835 920 1900 si
939 1832 1026 1921 quod
1040 1834 1196 1901 invenis-

112 1930 117 1955 *
141 1946 215 2029 set,
236 1961 304 2007 non
324 1941 547 2007 dubitaturum
564 1958 643 2006 esse
657 1958 779 2006 emere.
821 1949 861 2005 1n
874 1941 947 2006 eins
960 1958 1116 2007 sermone
1129 1959 1197 2028 ego

141 2050 315 2132 utrumque
335 2045 427 2112 soleo
449 2045 627 2111 admirari:
655 2050 689 2110 et
709 2048 745 2110 te
766 2045 809 2110 de
830 2045 1018 2113 suburbano
1039 2049 1196 2137 emendo,

142 2169 243 2237 quum
262 2149 307 2216 ad
326 2151 418 2216 illurn
438 2151 677 2238 scribas,'non
695 2150 795 2217 modo
817 2151 861 2216 ad
881 2171 1015 2219 menon
1029 2156 1196 2244 scribere,

142 2258 206 2326 sed
226 2259 327 2324 etiam
347 2257 445 2323 aliam
465 2258 499 2322 in
521 2258 723 2324 sententiam
750 2257 920 2348 scribere,
950 2263 1002 2349 et,
1030 2281 1127 2347 quum
1153 2263 1198 2329 ad

142 2364 234 2432 illum
255 2362 402 2451 scribas,
422 2361 505 2427 nibil
526 2366 561 2428 te
580 2364 751 2431 recordari
773 2365 815 2431 de
835 2385 893 2455 se,
915 2367 958 2433 de
979 2368 1131 2455 epistolis
1149 2369 1197 2435 il-

142 2470 205 2558 lis,
227 2487 312 2556 quas
332 2470 366 2535 in
388 2468 578 2536 Tusculano
599 2471 671 2535 eius
688 2475 724 2536 tu
741 2473 821 2539 mibi
837 2473 1035 2560 ostendisti,
1055 2474 1138 2540 nibil
1154 2475 1198 2541 de

143 2575 331 2663 praeceptis
351 2574 559 2665 Epicharmi,
574 2574 706 2660 γνῶθι,
733 2589 800 2653 πῶς
819 2580 915 2664 step
936 2585 1112 2666 κέχρηται,
1141 2585 1195 2649 to-

142 2790 267 2846 Mz'nucz‘c.
311 2792 343 2844 L.
359 2790 496 2844 Minucius
520 2789 628 2844 Basilus
649 2806 707 2846 esso
732 2788 856 2859 ridetur,
881 2793 929 2864 qui
950 2811 1012 2847 curn
1032 2798 1150 2850 Caesare
1168 2795 1196 2849 in

144 2856 232 2911 Gellia
246 2855 307 2912 l'uit.
341 2859 377 2913 V.
392 2858 471 2935 Caes.
486 2859 518 2910 B.
533 2856 566 2911 G.
580 2859 606 2923 b,
619 2874 659 2928 o9.
677 2857 734 2912 Cio.
749 2856 784 2909 de
799 2858 855 2918 Off.
867 2860 900 2924 3,
916 2860 953 2913 18.
967 2893 999 2904 -
1031 2864 1131 2925 Sulmo,
1148 2862 1198 2932 qui

145 2923 195 2976 VI.
207 2922 246 2977 ld.
256 2924 318 2977 Oet.
332 2922 365 2976 ed
376 2924 508 2996 Quintum
521 2925 661 2994 profectus
677 2933 725 3002 est.
751 2927 811 2978 V.e
834 2926 986 2994 .seq.init.
1001 2959 1031 2968 -
1064 2929 1196 2993 Labeoni,·

144 3005 173 3105 ,vd
187 3006 273 3105 spprp
289 3009 312 3055 1,
330 3009 351 3056 r,
372 2992 668 3109 rau-'dresernp'bom
684 2989 778 3044 literas
796 2942 832 3044 ,g
848 2996 955 3109 teddarlp
972 2992 1112 3110 volsbplm,
1128 3011 1197 3113 φέρε

143 3070 704 3199 {uidd.ii¹3³b¹¹⁸s2¹iir.⁰fia¹r¹id⁰brdr.
716 3074 870 3200 billi?
891 3078 1121 3195 nitidiori&
1135 3077 1199 3206 ,tl

145 3186 230 3236 velam.
257 3186 359 3264 ‚Monet
379 3196 523 3257 praeterea
547 3188 650 3253 Orell,
677 3203 707 3242 ec
733 3188 814 3242 focile
842 3191 866 3242 h.
891 3193 1027 3254 beurere
1051 3210 1074 3244 v.
1096 3192 1197 3260 quodem

145 3250 193 3318 (cf.
212 3248 329 3323 Madvig.
343 3252 372 3318 1,
390 3271 416 3321 p.
427 3252 672 3371 pbkapraeoertim
687 3271 774 3325 quurn
789 3255 860 3310 absit
880 3256 916 3309 ab
936 3255 1000 3310 edit.
1020 3256 1147 3310 Cratand.
1170 3266 1198 3311 et

143 3327 341 3435 transponaltur
359 3335 375 3370 u
391 3335 424 3370 co
510 3317 563 3369 ndi.
597 3323 631 3375 V.
648 3319 681 3371 nd
697 3320 752 3373 dir.
762 3320 799 3389 3,
814 3340 849 3394 9:
872 3334 898 3374 te
913 3323 1010 3374 adeunt
1017 3321 1081 3390 sere
1099 3340 1197 3386 omnes,

140 3402 164 3435 sa
180 3402 224 3454 qm
257 3401 327 3435 vars.

211 3483 234 3544 §-
254 3492 293 3528 nu.
330 3477 495 3534 lIPinara'uc
509 3478 606 3544 Natta,
623 3479 725 3535 amicus
741 3480 889 3534 Ciceronis.
923 3485 959 3535 V.
975 3480 1009 3535 ed
1025 3479 1079 3533 dir.
1098 3483 1197 3549 rand.

146 3542 179 3596 ad
197 3547 255 3621 ,lie
272 3543 350 3611 6‚.1,
367 3543 415 3611 233
432 3544 458 3610 8,
474 3546 513 3610 15,
533 3563 541 3596 ι
551 3563 559 3611 3
583 3545 696 3598 fratrem
716 3545 774 3600 eius
792 3550 824 3600 L.
840 3546 994 3613 Pinarium,
1011 3556 1138 3618 nepotem
1155 3564 1197 3601 so·

146 3625 218 3662 roris
240 3624 324 3674 cuae,
349 3611 451 3663 Cacsar
468 3611 596 3663 herodem
612 3611 734 3666 instituit.
772 3616 805 3666 V.
822 3612 899 3667 Suet.
916 3614 992 3666 Caes.
1009 3614 1050 3667 83.
1067 3644 1098 3655 ·-
1131 3632 1197 3668 corn·

142 3674 266 3742 plectere,
280 3674 329 3728 tibi
344 3675 473 3747 adiunge,
491 3676 517 3730 in
534 3677 634 3730 amieos
650 3678 751 3750 recipe.
774 3682 810 3734 V.
827 3678 860 3731 ed
875 3678 931 3733 Cic.
948 3689 1003 3750 pot.
1019 3680 1100 3736 Corn.
1117 3698 1144 3751 p.
1156 3681 1197 3734 38.

211 3768 273 3821 Vll.
292 3775 317 3834 S.
335 3769 375 3823 ui.
414 3770 567 3832 mnarum,
583 3770 700 3824 fortusse
718 3772 845 3842 pararios
860 3770 920 3827 fuit.
936 3805 970 3816 -
1002 3772 1082 3824 atrium
1097 3775 1125 3823 in
1142 3790 1197 3823 scu:

147 3834 256 3883 tentiam
272 3836 395 3898 seribere,
415 3845 444 3888 te
462 3833 496 3889 de
519 3836 681 3890 suburbano
696 3836 812 3890 emendo
829 3854 884 3891 non
904 3840 1031 3910 cogitare.
1047 3870 1080 3881 -
1113 3839 1143 3887 de
1159 3854 1195 3892 se.

147 3896 242 3974 Lomb.
259 3900 289 3949 de
305 3912 338 3953 te.
372 3901 483 3956 Schdtu.
497 3919 591 3967 voees,
607 3913 638 3955 ut
650 3902 770 3975 ineptas,
784 3902 898 3970 delevit3
915 3904 1034 3958 defendit
1045 3902 1196 3972 Bentivogl.

147 3963 214 4015 locis
230 3978 274 4034 ep.
290 3965 323 4016 ad
338 3970 394 4025 Aet.
409 3970 439 4032 3,
452 3973 502 4034 dd,
522 3987 552 4034 ι,
570 3969 616 4021 ubi
638 3987 665 4020 se
683 3973 772 4021 rirvitrk
788 3980 830 4022 est
847 3988 901 4039 pro
916 3971 969 4020 r’llr's
988 3974 1097 4032 ι’πυίειὶσ,
1119 3976 1146 4018 et
1162 3973 1194 4033 4,

150 4029 196 4093 15,
210 4026 242 4095 4,
265 4029 336 4081 domi
350 4053 413 4085 suae
433 4051 487 4107 pro
508 4035 579 4089 domi
595 4039 658 4093 erius,
692 4034 734 4088 Cf.
755 4035 847 4091 Sanct.
868 4036 934 4091 ltlin.
957 4053 988 4102 a,
1007 4053 1045 4090 ια.
1066 4066 1099 4076 -
1137 4034 1195 4101 Epi·

146 4096 264 4157 sturmi,
282 4093 316 4148 de
332 4113 388 4169 quo
403 4121 428 4153 r.
442 4098 475 4154 ad
490 4101 526 4178 Q.
540 4100 596 4154 Cir.
610 4101 669 4157 Pet.
682 4101 765 4155 Cous.
781 4119 810 4173 p.
822 4102 862 4156 50.
875 4134 905 4147 -
940 4106 1038 4172 γνῶθι,
1054 4104 1107 4162 πῶς
1122 4095 1195 4171 ἄλλῳ
