3009 5067
354 268 433 336 144
513 272 550 334 ii.
565 272 596 334 r.
617 270 800 335 tiemonis
813 270 976 349 ιιιετοιι
991 271 1039 332 in
1060 269 1092 342 o.
1105 269 1273 332 immun

353 451 534 540 eiusmodi,
565 456 603 519 ut
628 469 697 539 ego
723 469 777 517 iiie
801 468 869 517 non
890 449 995 515 multa
1015 448 1247 517 consolatione
1269 450 1420 537 quotidie

352 559 494 625 leniam:
516 556 579 625 sed
598 555 657 623 illa
677 557 743 622 erit
763 555 948 621 consolatio
965 557 1128 643 maxima,
1150 556 1182 620 si
1197 574 1267 621 una
1281 557 1420 630 erimus.

355 664 456 731 Nunc
484 663 527 730 ad
553 663 614 731 ille
643 664 699 730 vel
718 664 959 752 gravissimum
978 660 1109 728 accedit
1130 659 1335 729 desiderium
1356 666 1419 732 tui.

304 816 314 835 .
354 769 531 837 Gabinium
551 771 602 860 si,
631 775 669 836 ut
687 771 806 836 Pensa>
823 772 919 856 putat
940 765 1148 855 oportuisset
1171 767 1417 860 defendissem,

355 873 598 940 concidissemr
627 875 683 961 qui
707 874 800 940 illuni
828 874 971 940 oderunt
991 874 1075 940 —ii
1096 878 1176 939 sunt
1196 876 1260 940 toti
1279 876 1418 944 ordines

354 1017 397 1028 -
416 983 554 1067 propter
575 996 672 1067 quem
693 979 853 1067 oderunt,
873 1000 927 1048 ine
946 982 1055 1067 ipsum
1077 981 1192 1050 odisse
1211 983 1414 1069 coepissent.

356 1086 465 1153 Tenui
478 1105 550 1175 me,
571 1092 608 1153 ut
621 1089 721 1176 puto,
743 1087 908 1176 egregie,
926 1090 1054 1152 tantum
1069 1091 1107 1152 ut
1120 1086 1285 1174 lacerem,
1306 1108 1415 1175 quan-

356 1197 426 1259 tum
448 1210 565 1259 omnes
585 1193 749 1259 viderent.
801 1194 849 1259 lit
870 1194 1013 1259 inomni
1039 1213 1186 1282 somnia,
1216 1198 1253 1259 ut
1279 1214 1417 1283 mones,

284 1301 320 1372 6.
361 1297 464 1364 valde
483 1316 537 1364 uie
555 1299 598 1365 sd
617 1300 717 1365 otium
734 1317 917 1385 pacemque
933 1304 1106 1366 converto.
1148 1300 1201 1366 De
1213 1300 1326 1385 libris,
1344 1302 1419 1387 Ty-

315 1466 319 1470 ,
358 1405 476 1471 nennio
498 1409 553 1471 est
573 1398 748 1480 cessator:
770 1398 961 1493 Chrysippo
979 1405 1106 1473 dicein:
1127 1406 1188 1474 sed
1204 1425 1261 1473 res
1276 1425 1420 1493 operose

359 1516 415 1580 est
435 1516 471 1578 et
490 1511 633 1581 bominis
654 1512 902 1600 perdiligentis.
945 1510 1067 1580 Sentio
1084 1514 1179 1600 ipse,
1201 1515 1257 1600 qui
1272 1514 1305 1578 in
1324 1532 1418 1578 suin-

357 1638 411 1686 mo
432 1617 543 1686 studio
564 1619 647 1685 niliil
679 1637 853 1706 assequor.
906 1618 960 1685 De
987 1617 1248 1706 habuissem,
1278 1639 1342 1706 quc
1367 1637 1422 1684 me

306 1744 310 1753 '
359 1729 509 1814 vertam,
530 1726 667 1792 nescio:
690 1726 737 1791 ita
757 1724 919 1792 mendose
940 1728 977 1790 et
996 1724 1186 1791 scribuntur
1201 1729 1236 1790 et
1255 1727 1421 1793 veneunt:

360 1829 423 1897 sed
445 1834 557 1898 tamen
578 1831 663 1918 quod
685 1832 759 1898 lieri
774 1833 916 1917 poterit,
937 1848 1001 1896 uon
1020 1830 1206 1917 negligam.
1248 1828 1421 1916 Crebrius,

360 1942 497 2004 utente
518 1935 563 2003 ad
584 1944 618 2004 te
639 1937 784 2026 scripsi,
806 1937 934 2005 Romae
955 1941 1029 2004 est:
1061 1935 1171 2022 etqui
1192 1932 1300 2001 omnis
1320 1931 1421 2000 adiu-

362 2152 420 2209 est,
430 2139 512 2262 pideo
526 2140 608 2198 dixit:
632 2145 701 2196 sicet
717 2135 767 2194 olii
779 2144 890 2217 putant)
905 2142 954 2214 qui
971 2142 1149 2206 Ciceronem,
1166 2155 1250 2212 quein
1264 2147 1363 2191 eontra
1378 2133 1425 2189 da·

362 2218 418 2263 tam
450 2206 517 2261 dem·
529 2210 595 2280 pelli
611 2220 800 2280 precesserat,
817 2208 878 2262 ideo
895 2208 1036 2263 revocavit
1051 2211 1087 2260 ab
1102 2208 1199 2274 exilio,
1214 2215 1245 2258 ut
1262 2204 1320 2258 eius
1336 2218 1425 2274 opera

362 2293 425 2329 cum
436 2284 533 2328 senatu
550 2274 654 2329 rediret
668 2277 695 2329 iu
709 2277 854 2348 gratiams
872 2307 898 2317 -
922 2276 1008 2327 multu
1022 2275 1211 2334 consolatione,
1225 2288 1310 2342 quum
1324 2286 1357 2322 ex
1367 2268 1425 2341 phi·

362 2340 487 2460 lcppopliia
501 2341 639 2410 stilletis,
653 2351 711 2395 tuin
725 2358 759 2395 cx
773 2341 923 2395 amicerum
939 2338 1136 2394 consuetudine
1149 2338 1244 2410 petita.
1255 2369 1288 2381 -
1317 2336 1368 2388 der.
1384 2334 1428 2386 ici'

363 2416 491 2462 assutis.
1353 2414 1355 2417 ’

390 2546 393 2551 ,
431 2505 459 2568 g.
475 2498 500 2552 ὅ.
533 2498 565 2551 C.
580 2496 680 2553 Vibius
697 2498 783 2551 Pansa
793 2521 804 2560 ,·
820 2499 869 2570 qui
886 2498 984 2552 consul
998 2497 1050 2551 fuit
1069 2514 1131 2549 cum
1148 2494 1252 2561 Hirtio,
1276 2510 1348 2547 anno
1362 2500 1426 2565 post

365 2563 492 2619 Caesaris
514 2579 609 2618 necem
629 2564 764 2636 proximo.
796 2568 839 2618 De
859 2564 976 2620 Gabinio
993 2561 1165 2617 defendendo
1181 2563 1298 2615 fortasse
1314 2561 1426 2613 locutus

366 2640 426 2684 erat
443 2646 505 2683 cum
518 2630 620 2705 Quinto
640 2630 667 2683 in
682 2630 805 2684 exercitu
820 2629 952 2684 Caesaris.
969 2661 1003 2674 -
1036 2628 1211 2698 dffendiseem.
1247 2625 1290 2680 Cf.
1312 2632 1363 2693 §.a
1382 2641 1426 2695 sq.

366 2710 410 2765 ep.
430 2696 557 2766 praeced.
572 2727 606 2739 -
624 2698 804 2759 caecidissem,
838 2698 934 2751 retiam
947 2695 1085 2750 bonorum
1100 2694 1192 2747 multis
1211 2693 1357 2765 praeclare
1372 2692 1429 2743 fae·

365 2763 400 2815 tis
413 2762 558 2813 collectam
574 2761 624 2814 liae
639 2779 693 2816 uua
709 2780 741 2816 re
756 2765 943 2835 perdidissem.
958 2795 991 2808 -
1018 2764 1072 2814 toti
1086 2761 1201 2822 ordiner,
1220 2758 1340 2812 oninium
1355 2754 1429 2810 ordi·

366 2845 433 2882 aum
448 2842 542 2880 omnes
557 2826 686 2884 homines.
715 2827 809 2900 Supra
825 2847 871 2901 ep.
885 2830 910 2886 3.
928 2830 954 2882 b.
968 2828 987 2883 l.
1004 2834 1027 2896 ς.
1040 2827 1074 2880 δι
1092 2826 1151 2876 odio
1163 2824 1295 2894 premitur
1311 2824 1429 2873 ammom

363 2909 511 2962 generem
536 2908 582 2965 ep.
595 2913 617 2948 i.
640 2902 665 2964 §.
680 2897 727 2962 nd:
751 2896 812 2946 odio
835 2897 953 2947 unibersi'
969 2894 1163 2962 popolixpaene
1183 2889 1295 2958 effictam
1320 2898 1368 2937 est.
1393 2918 1428 2927 -

364 2970 476 3030 propter
498 2976 571 3038 picem
592 2960 711 3013 oderem
746 2959 885 3016 Wieland.
905 2959 944 3011 liis
960 2977 1003 3011 ir.
1020 2953 1179 3024 Pompeium
1196 2960 1269 3005 tecte
1282 2950 1430 3023 significari

387 3034 465 3092 utat3
482 3023 640 3080 Billerbecli
657 3026 791 3096 explicat:
807 3038 916 3095 propter
932 3040 1009 3086 eum,
1024 3036 1097 3091 quem
1113 3018 1244 3080 oderent,
1261 3033 1361 3089 nempe
1376 3018 1430 3072 Ga·

367 3046 480 3146 binium.
508 3089 620 3145 Rectius
634 3092 700 3145 haec
717 3089 750 3143 ad
765 3091 853 3160 ipsum
870 3090 1032 3141 Ciceronem
1048 3082 1137 3138 refert
1151 3082 1293 3137 Manutius
1307 3095 1336 3138 et
1347 3083 1431 3137 inter·

368 3165 513 3231 pretatur:
532 3157 601 3228 iiqui
615 3174 658 3210 me
667 3156 748 3211 simul
760 3172 823 3208 cum
836 3152 980 3223 republica
996 3148 1182 3205 crudelissime
1201 3149 1299 3203 abillo
1315 3150 1430 3202 consule

370 3232 496 3279 irritum
512 3221 726 3277 recondamus«
743 3253 776 3265 -
808 3231 937 3290 quantum
959 3236 1047 3270 omnes
1069 3217 1186 3268 riderent
1209 3233 1245 3272 sc.
1269 3234 1313 3271 me
1332 3215 1429 3269 fecisse

370 3289 414 3342 rel
431 3289 521 3360 potius
539 3287 602 3340 'milii
617 3284 771 3339 faciendum
786 3284 888 3352 fuisse3
910 3283 1038 3338 nimirum
1052 3281 1235 3336 testimonium
1252 3279 1321 3337 dixi:
1348 3296 1429 3353 prae·

368 3366 446 3410 terea
461 3353 561 3426 quievi.
595 3354 629 3408 V.
643 3368 686 3423 ep.
702 3354 732 3418 4,
749 3357 773 3418 ς.
787 3351 820 3420 33
847 3350 918 3404 infra
934 3368 979 3423 ep.
996 3351 1083 3421 pinit.
1097 3382 1129 3392 -
1170 3366 1210 3400 me
1227 3348 1265 3399 ad
1280 3351 1362 3400 on'iim
1381 3363 1429 3416 pa·

370 3439 471 3492 remque
489 3429 626 3480 concerto,
642 3415 792 3473 iuimicitias
810 3418 1052 3488 contentionesque
1069 3415 1152 3487 fugio.

437 3521 462 3581 §-
479 3514 504 3568 6·
537 3513 576 3565 De
592 3512 674 3565 libris·
703 3514 737 3569 V.
754 3528 797 3582 ep.
811 3508 932 3565 anteced.
949 3515 973 3581 ξ.
987 3511 1012 3565 ὅ.
1030 3541 1063 3554 -·
1096 3520 1226 3569 cessator,
1244 3506 1360 3577 seguiter
1375 3501 1432 3572 agit

371 3580 491 3635 inlibris
507 3576 741 3634 describendis-
758 3579 825 3630 nilii'l
838 3594 974 3648 assequor,
989 3576 1076 3628 inulto
1092 3575 1180 3627 minus
1195 3573 1329 3647 librorum
1344 3583 1431 3637 quain

374 3649 479 3703 vellem.
497 3678 531 3691 -·
563 3645 681 3698 mendose
700 3645 778 3699 seri’l.
804 3641 982 3723 Quodquum
995 3640 1136 3696 Ciceronis
1153 3643 1326 3714 temporoita
1342 3643 1430 3713 esset,

314 3716 316 3721 ’
372 3715 472 3767 mirum
489 3721 616 3778 nonest,
638 3710 768 3764 librarios
785 3720 880 3782 postea
898 3707 1053 3761 mendosius
1073 3707 1153 3760 etiam
1170 3705 1343 3779 descripsisse
1359 3698 1432 3752 codi-

373 3795 434 3844 ces,
451 3781 499 3850 qui
514 3788 629 3833 aetatem
642 3778 776 3834 tulerunt.
788 3808 821 3819 -
856 3775 987 3828 Crebrius.
1013 3773 1066 3826 dlii
1083 3773 1219 3830 Cerlriiu,
1236 3763 1313 3837 quod
1332 3782 1432 3819 nomeu

375 3843 440 3899 aiibi
464 3862 520 3898 non
542 3843 651 3915 legitur.
672 3876 707 3888 -
739 3844 851 3913 sei-ipsi,
892 3856 942 3895 uae
961 3839 1076 3911 epistola
1095 3855 1151 3891 non
1169 3842 1262 3912 opstat.
1281 3864 1314 3874 -
1347 3844 1373 3884 ec
1389 3834 1437 3902 qiii‘

375 3909 462 3962 ononis
479 3912 621 3970 adierant,
645 3908 835 3964 iusiurandum
855 3856 890 3960 ab
915 3906 1141 3960 asseverationem
1156 3898 1322 4021 adiunssunh
1345 3899 1434 3950 delere

375 3977 427 4029 iiii·
438 3974 514 4025 coldo
530 3976 683 4028 renuncians
700 3975 765 4028 milii
784 3973 849 4026 dum
866 3974 893 4025 in
910 3972 979 4026 villis
998 3989 1066 4026 sum.
1099 3972 1226 4022 Fortasse
1265 3963 1375 4020 rebrius
1391 3963 1435 4016 hic

376 4038 531 4115 negotiator
545 4053 560 4089 a
578 4038 680 4109 Quinto
696 4041 722 4093 iii
740 4040 830 4092 Gallia
848 4038 981 4092 beneficia
997 4043 1148 4106 acceperat.
1181 4031 1292 4087 schum.
1307 4029 1436 4109 coniecit:

377 4120 403 4159 et
420 4106 520 4178 quiden
537 4106 624 4156 ommia
640 4122 667 4155 se
683 4108 758 4156 iteret
775 4104 864 4157 debere
881 4105 950 4169 ti'bi',·
971 4103 1060 4156 valere
1070 4111 1101 4167 ¹te
1117 4100 1225 4152 nuntios
1243 4116 1280 4154 se.
1300 4095 1436 4152 Crebrius
