3009 5067
504 337 852 424 runnuauro.
1169 308 1203 400 ι’

152 547 305 625 manns
322 548 482 648 omnino
521 567 595 620 nou
633 567 717 623 esse
751 546 931 644 legendas
964 553 1202 645 censuerunt,

149 694 300 769 namque
329 669 376 745 ab
410 662 564 760 astutia,
591 665 752 766 'perfidia
782 672 944 766 omnique
975 673 1201 752 simulatione

151 817 255 890 quum
273 794 350 898 sint
365 790 518 881 alienae,
534 788 716 888 plurimum
734 796 863 863 contra
877 789 1005 865 valent
1022 790 1071 867 ad
1082 813 1201 868 »veros
1250 797 1253 804 ’

148 918 257 990 animi
277 911 396 987 Marci
424 933 552 985 seusus
583 912 725 1010 penitus
756 912 1054 1010 cognoscendos,
1090 924 1200 1015 atque

149 1040 344 1135 praeterea
360 1030 458 1134 lraud
476 1055 595 1131 pauca
615 1028 663 1107 ad
680 1056 799 1109 mores
817 1013 1046 1136 formandos,
1071 1036 1119 1112 ad
1138 1061 1201 1114 re-

150 1145 471 1231 rurr'lrunanarum
490 1176 535 1230 ac
555 1156 657 1232 vitae
680 1154 909 1233 conditiones
928 1156 1201 1258 perspiciendas
1250 1153 1254 1158 ’

148 1276 594 1388 remaqueaesomandas,
615 1261 863 1375 adiugentur
878 1276 1046 1355 alendum
1065 1301 1201 1357 acuen-

148 1397 301 1498 dumque
324 1400 499 1478 salutaria
521 1399 800 1480 subministrant.
855 1402 985 1477 Mirum
1007 1404 1119 1499 igitur
1140 1406 1199 1481 vi·
1253 1395 1255 1400 ’
1365 1381 1373 1400 ’

144 1520 227 1600 deri
243 1526 378 1622 possit,
397 1524 458 1620 qui
471 1519 605 1598 lactum
620 1524 666 1596 uit
681 1530 721 1597 ut
735 1522 807 1599 hae
822 1523 1002 1624 epistolae
1017 1527 1199 1600 rarissime
1253 1517 1257 1522 ’
1401 1533 1406 1554 ’

57 1649 58 1652 ’
146 1673 169 1722 a
205 1648 352 1745 reliquis
388 1648 576 1723 seiunctae
607 1642 811 1721 ederentur
846 1646 1199 1747 explicarenturque.

144 1771 284 1849 Verum
302 1774 395 1847 enim
411 1791 504 1847 vero
524 1772 699 1848 neminem
718 1767 800 1845 fere
818 1768 936 1846 latere
956 1778 1065 1870 puto,
1090 1773 1199 1847 sicuti

145 1898 179 1969 iu
198 1896 347 1993 reliquis
363 1893 576 1995 disciplinae
589 1894 765 1971 'iuvenilis
779 1895 960 1996 partibus,
978 1899 1030 1971 ita
1046 1898 1084 1969 in
1101 1903 1198 1971 trec·

145 2015 265 2094 tandis
286 2021 392 2094 etiam
409 2016 648 2116 legendisque
663 2027 829 2094 veterum
845 2014 1081 2121 scriptoribus
1100 2017 1198 2096 haud

144 2164 287 2241 semper
315 2164 381 2216 eos
407 2139 526 2215 libros
544 2140 576 2213 a'
593 2140 895 2238 praeceptoribus
907 2140 1202 2239 {scholarumque

145 2263 343 2363 praefectis
360 2263 482 2357 appeti
499 2257 826 2356 commendarique,
841 2266 948 2337 immo
960 2275 1076 2361 saepe'
1087 2286 1198 2362 prae-

86 2431 90 2440 ·
125 2385 291 2489 ‚termitti
312 2403 357 2458 ac
373 2380 531 2479 negligi,
558 2404 607 2456 cx
627 2402 776 2479 quormn
794 2382 1010 2455 tractatione
1031 2405 1198 2457 summum
1260 2371 1264 2376 ’

7 2531 8 2570 :
144 2506 432 2584 astasiuveuilis
452 2511 602 2606 caperet
616 2503 809 2592 fructum.¹
945 2545 947 2548 -

216 2630 340 2720 Quare
362 2655 467 2732 quum
485 2629 875 2724 animadverteremus,
900 2636 1107 2729 separatam
1127 2651 1197 2705 no·

142 2759 261 2853 tisque
286 2757 502 2832 illustratam
522 2758 675 2832 omnium
699 2753 747 2828 ad
769 2753 938 2844 Quintum
960 2755 1195 2861 epistolarum
1272 2863 1274 2867 Α
1331 2810 1333 2813 Α

142 2876 336 2954 editionem
366 2881 563 2955 recentiori
593 2890 758 2976 tempore
787 2878 827 2949 in
855 2875 974 2950 lucem
1003 2899 1077 2951 uon
1104 2898 1208 2974 pro-1
1346 2933 1352 2960 ,

113 3089 117 3093 Α
142 2996 276 3092 diisse,
302 3000 525 3108 clarissimus
547 3023 640 3077 vero
661 2997 922 3099 proferor-¹0.
938 2996 988 3074 F.
1005 2998 1194 3075 [lemaa-

141 3147 213 3197 aus
231 3124 341 3198 talem
367 3121 569 3199 desiderari
588 3146 655 3198 nos
677 3129 841 3198 moneret
862 3129 1062 3219 auctorque
1087 3122 1194 3198 nobis

141 3239 263 3335 esset,
296 3250 337 3316 ut
360 3242 409 3317 ad
434 3267 499 3317 eas
524 3220 792 3319 sclrolarum'in
813 3270 916 3319 usum
939 3241 1194 3343 explanandas

142 3375 287 3468 operam
306 3371 466 3439 nostram
483 3363 747 3459 conferremus,
767 3390 813 3442 eo
832 3367 1004 3443 libentius
1019 3365 1116 3441 huuc
1134 3367 1190 3442 la·
1231 3445 1232 3450 ,

141 3489 267 3582 horem
285 3490 453 3587 aggressi
471 3509 612 3578 sumus,
631 3488 728 3583 quod
741 3492 797 3565 sic
811 3513 963 3589 sperare
981 3490 1088 3581 licet,
1110 3486 1192 3567 fore

141 3618 181 3685 ut
200 3612 326 3711 plures
350 3605 415 3685 ad‘
425 3632 547 3685 earum
566 3609 765 3685 'lectionem
792 3601 1009 3687 excitentur.

212 3733 289 3808 Iam
311 3735 349 3807 in
374 3731 586 3812 adornanda
617 3732 741 3808 harum
775 3735 1007 3834 epistolarum
1032 3734 1192 3815 editione

141 3858 316 3931 rationem
341 3857 600 3954 consiliumque
619 3856 698 3932 fere
718 3856 832 3952 idem,
859 3856 955 3956 quod
974 3860 1010 3936 in
1031 3859 1124 3934 libro
1145 3860 1190 3949 Q.
1321 3873 1324 3879 ·

141 3976 330 4056 Ciceronis
349 3977 397 4054 de
416 3982 594 4078 petitione
614 3978 837 4058 Consulatus
857 3970 995 4079 paucos
1015 3989 1100 4059 ante
1124 4004 1191 4052 au-

139 4126 208 4178 uos
222 4104 358 4197 (1837)
376 4103 522 4182 anobis
539 4105 692 4203 vulgato
710 4108 871 4202 virisque
889 4103 1010 4182 solida
1025 4103 1190 4178 doctrina
1323 4169 1326 4176 ,

684 4251 695 4292 l
