3009 5067
1002 289 1125 351 Lm.
1171 288 1256 350 111.
1337 288 1441 353 ΕΡ.
1472 288 1546 376 ‚u
1605 322 1610 327 -
2204 282 2341 356 129

124 495 137 509 ‘
232 490 479 540 merum
534 475 604 538 et
643 470 921 538 militum
962 472 1385 560 renuntiare,
1427 472 1715 558 -irrepsit
1733 516 1755 558 ‚
1818 491 2071 558 summa
2123 472 2341 541 infre-

237 581 537 668 quentia:-
605 578 820 661 Quum
860 574 1074 644 vellet
1107 577 1336 663 exire,
1379 594 1421 641 a
1448 567 1836 642 consulibus
1862 581 2166 646 retentus
2197 583 2343 648 est:

233 688 595 755 introducti
628 683 984 772 publicani.
1064 683 1280 750 Homo
1324 681 1616 769 undique
1654 688 1885 771 actus,
1924 701 2123 769 quum
2163 704 2205 751 a
2242 703 2351 752 me

237 797 524 863 maxime
585 791 1091 878 vulnerarem,-
1150 808 1287 855 non
1338 791 1490 858 tulit
1542 795 1615 856 et
1665 809 1773 856 me
1823 792 2136 858 trementi
2182 810 2353 858 voce

241 888 506 971 exulem
536 897 927 985 appellavit.
1010 897 1138 963 Hic
1160 945 1180 985 7
1221 934 1305 946 -
1349 916 1389 963 o
1433 891 1566 963 dii!
1612 897 1774 963 nihil
1815 916 2101 984 unquam
2134 898 2352 965 hono·
2417 904 2418 911 ’

238 1006 549 1073 licentius
591 1003 786 1070 nobis
829 1002 1074 1070 accidit
1109 1038 1194 1051 --
1234 1005 1657 1070 consurrexit
1696 1007 1975 1070 senatus
2016 1020 2163 1070 cum
2206 1005 2356 1072 cla·-

183 1205 190 1211 .
244 1130 429 1184 more
471 1110 559 1177 ad
600 1128 836 1197 unum,
881 1111 1018 1197 sic,
1061 1113 1134 1175 ut
1174 1109 1262 1174 ad
1305 1127 1554 1196 corpus
1593 1111 1739 1176 eius
1766 1109 2168 1178 accederet:
2209 1112 2361 1196 pari

244 1220 534 1286 clamore
576 1221 779 1304 atque
821 1219 1068 1304 impetu
1108 1214 1465 1302 publicani.
1552 1215 1725 1299 Quid
1778 1218 2047 1304 quaeris
2066 1208 2107 1283 ⁴3
2191 1216 2358 1285 Om-

243 1343 403 1414 neS‚
445 1331 774 1411 tamquam
815 1325 878 1391 si
918 1328 992 1389 tu
1033 1341 1272 1411 essee,
1314 1323 1412 1388 ita
1441 1321 1731 1390 fuerunt.
1814 1324 2003 1392 Nihil
2029 1324 2359 1404 hominum

248 1451 559 1499 sermone
594 1431 758 1497 soris
788 1431 1058 1497 clarius.
1142 1423 1302 1518 Ego
1345 1433 1569 1495 tamen
1611 1432 1811 1494 teneo
1854 1427 1941 1494 ab
1980 1428 2359 1496 accusando

194 1615 197 1618 Α
252 1540 368 1603 vix
408 1555 515 1604 me
559 1538 871 1604 hercule:
915 1536 1040 1606 sed
1080 1542 1306 1603 tamen
1349 1538 1549 1600 teneo
1566 1579 1587 1622 ,
1642 1533 1757 1600 vel
1799 1533 1975 1620 quod
2012 1534 2171 1600 nolo
2216 1554 2365 1602 cum

248 1641 562 1728 Pompeio
604 1659 953 1732 pugnare,
993 1678 1076 1690 —
1116 1642 1286 1708 satis
1331 1642 1473 1727 est,
1518 1638 1692 1727 quod
1731 1639 1939 1708 instat
1967 1639 2055 1706 de
2087 1638 2365 1729 Milone,

249 1830 507 1892 militum,
543 1827 637 1900 qui
673 1846 797 1882 cum
832 1845 898 1881 eo
930 1826 1228 1883 redierant.
1263 1859 1332 1872 —
1397 1830 1726 1892 renuntiare,
1758 1827 1812 1882 in
1845 1837 2041 1883 senatu
2070 1844 2134 1882 ex
2213 1844 2366 1884 nere.

249 1929 319 1942 ..-
361 1897 579 1964 irrepsit
622 1921 686 1944 =
728 1894 967 1949 latenter
1001 1904 1056 1948 et
1091 1894 1361 1949 haesitans
1391 1895 1447 1948 in
1482 1905 1733 1949 senatum
1766 1893 1931 1950 venit.
2018 1895 2099 1949 Ita
2191 1896 2369 1950 chiitr..

252 1970 384 2034 post
409 1961 715 2019 Manutium
743 1961 988 2031 aliosque
1018 1958 1187 2014 edidit
1213 1979 1320 2034 pro
1345 1959 1508 2014 codd.
1534 1960 1796 2015 lectione:
1828 1963 1884 2013 in
1910 1979 1969 2014 re
1996 1963 2196 2023 haesit,
2223 1977 2368 2033 quae

254 2044 322 2080 ex
352 2026 674 2098 glossemate
701 2036 825 2080 orta
855 2042 977 2079 esse
1006 2023 1238 2080 videtur.
1289 2024 1509 2096 Lipsius
1540 2027 1848 2098 suspicatus
1880 2036 1989 2081 esta
2022 2029 2152 2078 nu're
2184 2027 2369 2079 haesit.

148 2124 152 2128 ·
255 2093 476 2160 Irrepsit
523 2092 558 2144 i.
587 2106 635 2144 e.
683 2091 841 2162 quasi
875 2091 1014 2144 elam
1055 2092 1112 2144 in
1147 2101 1395 2156 senatum
1437 2089 1615 2159 venit,
1666 2091 1870 2162 optime
1907 2090 2242 2165 opponitur,
2291 2092 2370 2146 uti

262 2157 438 2213 Orell.
467 2166 682 2224 monet,
719 2155 1009 2228 praecedd.
1036 2158 1091 2208 in
1123 2169 1366 2211 senatum
1391 2174 1448 2208 se
1475 2174 1581 2208 non
1608 2159 1979 2212 committebat.
2038 2157 2209 2214 Codd.
2235 2175 2370 2213 vero

256 2223 547 2278 lectionem
582 2221 958 2275 adversantem
1001 2237 1130 2275 sane
1177 2221 1557 2276 consuetudini
1600 2223 1883 2278 Ciceronis
1931 2241 2033 2278 nec
2074 2223 2235 2278 facile
2284 2241 2371 2277 ex·

258 2286 568 2362 plicandam
605 2288 750 2342 tueri
790 2297 1014 2340 conatus
1053 2297 1137 2341 est
1178 2289 1263 2341 vir
1300 2286 1492 2341 doctus
1528 2286 1801 2361 (Gotting.
1829 2293 1965 2345 Anz.
1990 2289 2132 2347 1818.
2166 2291 2243 2344 N⁰
2274 2291 2373 2357 ¹⁰4

258 2375 317 2437 p.
348 2353 475 2420 1034
502 2359 656 2424 sqq.)
695 2364 888 2407 contra
917 2351 1265 2407 cheiiindii
1299 2352 1662 2437 suspicionem
1704 2357 1759 2406 in
1799 2372 1857 2407 re
1892 2357 2077 2411 haesa‘t.
2158 2358 2374 2423 Summa

259 2441 315 2474 m
330 2419 642 2492 frequentia
674 2437 833 2491 quum
868 2429 974 2473 etc.
1006 2451 1061 2461 -—
1145 2437 1350 2473 summa
1384 2418 1735 2491 uffrequeutae’a
1770 2418 2170 2490 deductorum3
2220 2419 2374 2493 quod

259 2498 428 2567 turpe
456 2497 604 2554 erat,
638 2503 813 2557 quum
842 2501 872 2539 e
904 2483 1186 2558 provincia
1216 2502 1488 2552 reversos,
1516 2502 1631 2556 quo
1663 2485 1901 2558 primum
1927 2487 2013 2541 die
2042 2486 2099 2541 in
2125 2499 2373 2542 senatum

261 2561 541 2625 venirent,
585 2551 916 2622 propinqui,
962 2551 1287 2619 familiares,
1336 2552 1561 2606 clientes
1599 2551 1846 2620 comitari
1877 2554 2140 2608 solerent.
2216 2552 2372 2624 Lips.

261 2619 461 2690 suspic.
494 2636 697 2672 summa
731 2617 1112 2688 infrequentia
1141 2635 1218 2672 sc.
1251 2628 1580 2672 senatorum.
1618 2650 1682 2664 -
1750 2623 1894 2672 exire
1931 2635 1998 2675 ex
2030 2629 2256 2687 senatu,
2290 2637 2377 2674 re·

262 2685 513 2740 nuntiato
544 2683 780 2739 hostium
810 2693 864 2736 et
897 2683 1126 2736 militum
1155 2701 1406 2738 numere.
1431 2716 1498 2728 -
1567 2685 1888 2748 consulebas,
1919 2695 2160 2768 quorum
2194 2686 2377 2740 Domi·

263 2753 375 2808 tius
416 2758 653 2824 propter
694 2750 1052 2822 Pompeium,
1099 2748 1519 2803 inimicissimum
1568 2767 1763 2817 suum,
1814 2751 2106 2807 Gabinium
2151 2751 2376 2821 oderat3

261 2818 508 2902 Appius,
543 2816 674 2888 quia
702 2815 924 2868 missum
954 2815 1008 2868 in
1035 2814 1253 2885 Syriam
1277 2815 1517 2890 legatum
1544 2831 1668 2868 eum
1701 2816 1952 2897 recipcre
1976 2819 2249 2873 noluerat.
2306 2821 2378 2876 V.

264 2890 372 2940 Dio
409 2883 565 2939 Cass.
614 2883 654 2936 l.
701 2881 783 2954 39.
821 2914 887 2926 -
946 2881 1222 2950 publicani
1264 2881 1507 2961 Syriaci,
1552 2881 1788 2937 Gabinio
1830 2883 2021 2937 mfensi
2075 2901 2180 2957 pro
2225 2895 2378 2939 terea

265 2949 452 3024 quod,
492 2966 665 3025 quum
699 2946 744 3000 is
787 2947 989 3000 finibus
1022 2947 1339 3020 provinciae
1383 2963 1634 3020 egressus
1666 2947 1733 3000 ad
1772 2947 2169 3004 restituendum
2246 2951 2381 3006 tole·

177 3039 180 3044 ·
262 3002 909 3069 maeum⁴Alexandriam
948 3025 1092 3068 esset
1130 3016 1448 3085 profectus,
1501 3012 1813 3085 praedones
1854 3031 2007 3069 oram
2057 3016 2381 3071 inaritimam

266 3081 463 3151 Syriae
502 3089 879 3144 vastaverant3
924 3096 1040 3150 quo
1083 3081 1231 3134 facto
1266 3079 1574 3154 publicanis
1609 3081 1885 3153 vectigalia
1920 3082 2137 3154 exigere
2174 3100 2286 3136 non
2319 3082 2383 3136 li-

268 3148 402 3200 cuit.
469 3143 550 3198 Cf.
590 3161 761 3214 supra
799 3145 866 3196 ad
916 3146 951 3198 1.
983 3161 1028 3198 a.
1069 3163 1156 3217 ep.
1188 3148 1263 3202 13.
1301 3151 1347 3218 §.
1379 3162 1426 3201 α,
1470 3155 1527 3198 et
1557 3145 1661 3199 Dio
1698 3147 1833 3201 Cass
1883 3147 1918 3201 l.
1949 3147 2031 3218 39.
2073 3179 2141 3190 --
2228 3159 2383 3201 actus

269 3239 335 3263 -..-..
370 3220 593 3264 coactus
643 3227 683 3262 s.
721 3209 774 3262 in
808 3211 1080 3280 angustias
1114 3222 1302 3281 actus,
1351 3214 1616 3284 διωχθείς.
1654 3244 1714 3254 -
1797 3215 2172 3266 vulneraretur
2224 3213 2385 3286 quasi

265 3280 418 3341 fera,
454 3279 488 3330 i.
523 3291 572 3329 e.
605 3286 980 3329 accusaretur.
1019 3309 1087 3319 —
1171 3295 1274 3333 non
1316 3278 1482 3341 tulit,
1532 3289 1713 3332 tacere
1752 3295 1864 3332 non
1902 3277 2101 3351 potuit.
2136 3311 2201 3324 --
2282 3291 2385 3332 tre·

267 3346 462 3407 menti,
491 3340 573 3394 ira
602 3342 925 3411 intercepta.
949 3371 1014 3383 —
1080 3345 1297 3410 2'mpetu,
1329 3347 1397 3394 ad
1424 3360 1632 3415 corpus
1661 3343 1775 3398 eius
1803 3345 2141 3400 accedentes.
2168 3374 2234 3387 --
2286 3362 2384 3414 pu-

209 3432 214 3439 ·
268 3412 495 3472 blicani,
542 3425 684 3479 quos
720 3408 775 3459 in
813 3407 1105 3460 consulatu
1144 3407 1245 3460 sibi
1284 3405 1602 3463 devinxerat
1645 3409 1863 3464 Cicero.
1904 3443 1972 3455 --
2035 3423 2306 3482 tamquam
2337 3414 2390 3462 si

271 3491 334 3530 tu
367 3494 535 3537 esses,
569 3476 648 3525 ita
661 3469 758 3541 fu.
791 3473 828 3527 i.
855 3489 902 3526 e.
937 3471 1192 3526 acerrimi
1228 3473 1282 3527 in
1317 3473 1623 3529 Gabinium.
1664 3507 1729 3521 -·
1776 3476 1952 3544 fornic,
1986 3487 2141 3530 extra
2176 3477 2383 3530 curiam

268 3540 418 3615 apud
449 3543 673 3613 vulgum
704 3557 747 3594 s.
772 3550 1019 3592 ceteram·
1034 3537 1463 3602 multitudinem.
1497 3576 1562 3584 -
1630 3560 1702 3592 me
1730 3543 1934 3592 heriz-Me
1971 3542 2183 3612 scripsit
2211 3544 2387 3596 [iren.

271 3627 396 3662 curn
429 3606 491 3661 C.
526 3618 588 3660 ut
623 3624 702 3657 me
777 3603 974 3659 emieat
1005 3606 1042 3656 δ’
1066 3605 1243 3659 verbo
1278 3617 1438 3662 teneo,
1510 3608 1730 3676 vulg-3:
1762 3612 2063 3660 rariter-cale.
2099 3640 2155 3648 -
2227 3624 2383 3662 tem-n.

273 3675 395 3727 Non
429 3672 703 3726 accusavit
787 3670 1026 3724 abinium
1057 3669 1125 3724 de
1148 3672 1460 3738 maiestatc;
1494 3676 1742 3744 adeoque
1774 3676 2011 3728 defendit
2039 3676 2103 3724 de
2131 3688 2383 3748 repetun—

277 3737 359 3791 dis
483 3750 580 3793 atu
612 3737 874 3809 Pompeii.
947 3739 1019 3793 V.
1051 3754 1157 3808 pro
1187 3737 1378 3791 Rabir.
1409 3739 1554 3792 Post.
1586 3740 1634 3792 Β,
1674 3740 1778 3792 Diu
1810 3740 1963 3792 [lass.
2003 3744 2039 3796 l.
2075 3744 2151 3812 Ξῃ.
2223 3740 2383 3816 Quod

274 3802 418 3857 idem
501 3805 555 3858 io
583 3803 780 3870 tradit,
816 3803 1110 3861 Gabinium
1140 3802 1206 3856 de
1238 3803 1516 3859 maiestate
1550 3824 1578 3856 a
1614 3808 1874 3860 Ciues-nne
1906 3824 2023 3860 esse
2055 3824 2383 3868 ῑιιᾛιιεειτιιι-ι,

235 3898 240 3904 ·
275 3869 490 3923 nonnisi
514 3869 582 3922 ad
613 3869 978 3924 testimonium
1009 3868 1451 3939 acerbissimum,
1477 3872 1626 3940 quot]
1662 3872 1710 3924 in
1742 3872 1894 3924 illurn
1922 3872 2079 3944 dixit,
2111 3880 2383 3944 pertinere

279 3944 477 4006 potest.
548 3939 618 3992 V.
647 3937 789 3992 infra
828 3952 918 4008 ep.
945 3938 1010 4003 4,
1039 3951 1085 3989 2.
1127 3951 1215 4006 ep.
1247 3953 1308 4005 9,
1344 3954 1365 3988 ι
1395 3960 1408 3991 t
1472 3941 1630 3989 Testes-121.-
1666 3940 2067 4004 vedemflnssm':
2111 3952 2387 4008 praeterea

311 4001 465 4056 πίθοι’.
497 4033 566 4046 —
629 4021 745 4056 cum
774 4002 1048 4072 Pompeio,
1105 4002 1201 4073 qui
1237 4001 1361 4056 ideo
1398 4004 1614 4059 Gabinii
1658 4020 1870 4056 causam
1914 4012 2187 4076 siasuepit,
2239 4004 2387 4076 quud

275 4020 453 4122 fiterio
496 4083 622 4120 eum
665 4067 731 4120 ad
764 4069 1139 4122 Ptolemaeum
1177 4066 1550 4124 reducendum
1590 4072 1934 4139 inritaverat..
1995 4076 2059 4124 ᾟ.
2091 4076 2199 4128 Diu
2239 4076 2271 4124 1,
2307 4072 2387 4142 3⁴3-

278 4165 344 4178 -
391 4134 453 4186 de
501 4133 723 4196 Milone,
769 4150 937 4206 quem
971 4134 1178 4205 optime
1209 4131 1278 4187 de
1309 4151 1367 4190 se
1397 4135 1687 4204 meritum,
1730 4139 2075 4191 consulatum
2110 4146 2390 4209 petentem

1940 4220 1992 4290 9
