3009 5067
330 318 380 390 ἃ
470 323 506 385 Μ.
527 322 558 383 Τ.
580 320 762 384 CICERONIS
784 320 937 383 EPISTOL
956 320 1005 382 AB
1025 320 1056 392 0.
1078 320 1244 384 FRATREM

329 503 447 570 suasit.
498 499 659 569 Crassum
686 497 856 565 consulem
881 515 926 564 ex
952 501 1075 565 senatu
1095 498 1227 566 domum
1247 498 1386 589 reduxi,

329 609 477 695 suscepit
497 625 568 672 rem
587 606 736 693 dixitque
756 623 855 694 esse,
883 605 973 694 quod
993 602 1131 673 Clodius
1152 605 1216 673 hoc
1235 610 1396 694 tempore.

208 776 213 788 ,
327 716 465 801 cuperet
484 731 546 799 per
565 731 605 779 se
626 717 662 779 ct
681 731 743 800 per
762 702 955 801 Pompeium
974 712 1155 797 consequi:
1188 716 1306 798 putare
1326 731 1384 801 se,

326 823 357 887 si
372 838 439 909 ego
452 814 527 887 eum
541 838 609 886 non
625 820 839 909 impedirem,
859 837 1033 906 possetne
1049 815 1193 906 adipisci
1208 820 1282 887 sine
1299 808 1390 886 con?

326 928 476 993 tentione
494 926 583 1014 quod
598 926 731 993 vallem.
773 927 893 993 Totum
914 927 945 992 ei
964 927 1137 1014 negotium
1158 928 1295 1013 permisi
1309 944 1382 992 me-

325 1051 390 1119 que
409 1034 446 1101 iu
466 1034 539 1099 eius
560 1036 729 1119 potestate
750 1028 820 1097 dixi
841 1031 925 1101 fore.
965 1034 1123 1100 Interfuit
1142 1034 1219 1101 huic
1238 1034 1382 1106 sermoni

298 1166 301 1170 ·
324 1136 363 1204 P.
386 1135 534 1206 Crassus
554 1138 774 1226 adolescens,
794 1141 920 1229 nostri,
941 1145 979 1205 ut
997 1140 1086 1229 scis,
1104 1140 1381 1206 studiosissimus.
1407 1188 1414 1194 .

323 1244 411 1311 Illud
431 1251 560 1330 autem,
583 1243 671 1331 quod
693 1246 783 1331 cupit
804 1240 960 1334 clodius,
982 1250 1037 1311 est
1053 1246 1182 1333 legatio
1198 1246 1328 1332 ulique:
1349 1245 1380 1310 si

322 1353 430 1417 minus
451 1370 510 1438 per
530 1355 704 1440 senatum,
723 1369 794 1438 ¹per
819 1352 999 1438 populum,
1025 1352 1131 1419 libera
1157 1358 1216 1419 aut
1236 1353 1381 1440 Byzan·
1495 1342 1497 1425 ἒ

321 1458 401 1525 tium
423 1460 482 1529 aut
501 1457 550 1525 cd
561 1457 779 1546 Brogitarum
792 1461 852 1524 aut
865 1462 1050 1543 utrumque.
1090 1457 1197 1525 Plena
1210 1475 1381 1525 resnum-
1496 1456 1497 1459 ’

320 1583 463 1659 morum.
498 1563 595 1653 Quod
616 1582 684 1657 ego
704 1583 773 1633 uon
793 1564 927 1637 nimium
947 1562 1088 1652 laboro,
1107 1564 1207 1634 etiam
1226 1564 1380 1633 siminus

319 1688 504 1761 assequor,
526 1669 613 1756 quod
633 1670 724 1739 voto.
767 1669 945 1761 Pompeius
963 1676 1076 1741 tameo
1092 1690 1166 1741 cum
1180 1668 1306 1740 Crasso
1324 1671 1379 1740 lo-

253 1809 259 1824 ·
320 1780 417 1845 cutus
430 1779 496 1845 est.
520 1775 686 1845 Videntur
699 1778 874 1865 negotium
888 1780 1095 1867 suscepisse.
1130 1778 1172 1847 Si
1184 1777 1378 1866 perficiunt:

319 1886 453 1972 optimc.
507 1881 573 1955 sm
598 1883 729 1953 minus:
761 1881 807 1953 ud
832 1889 982 1955 nostrum
1009 1884 1127 1957 Iovem
1157 1889 1378 1957 revertamur.

168 1990 171 1993 ’
243 1995 277 2083 a„
318 1992 362 2063 A.
384 1988 868 2065 d111.1t·e1ciassomtus
890 1991 1081 2063 consultum
1106 1996 1163 2063 est
1190 1992 1316 2063 tectum
1335 1991 1378 2063 de

317 2225 349 2261 eu
362 2226 414 2260 seo.
432 2208 614 2269 dommedart,
628 2204 742 2260 honoria
759 2220 849 2260 causa.
873 2206 909 2261 V.
922 2206 1011 2281 intpp.
1023 2204 1059 2259 ad
1068 2206 1125 2262 Cic.
1142 2203 1176 2261 de
1188 2215 1288 2263 aeueot.
1304 2211 1327 2274 §.
1337 2207 1378 2262 63.

316 2303 348 2316 -
361 2290 411 2344 per·
422 2292 461 2336 te,
475 2273 615 2329 creatam.
629 2302 660 2315 -
675 2289 726 2342 per
735 2271 896 2342 Pompeium,
908 2272 1156 2352 quocqm'Clodius
1170 2289 1242 2326 auno
1252 2271 1378 2351 proJimo

316 2339 482 2413 ingratiam
505 2340 652 2460 redieret,³
671 2338 1113 2456 ecquimenqmbaeemmmam
1134 2338 1378 2457 mhiissereellruum
1484 2362 1498 2386 -,

316 2404 559 2540 effluit
573 2422 637 2540 ft,
653 2420 778 2548 ittet:
788 2405 1317 2541 {⁰:3³3tt⁰¹32¹⁸²etf⁰oumtss³h
1342 2407 1378 2521 t

317 2539 554 2658 et'usffletgjore
570 2539 592 2655 id
600 2536 661 2654 akei
674 2536 907 2609 gratificaturum,
921 2535 1015 2653 gmnia
1028 2536 1182 2654 ffisstuffium’
1195 2552 1266 2608 quae
1282 2536 1375 2654 velltlrt.

315 2606 398 2724 dit..
414 2610 926 2734 'dut'oittdifudtffi‘foffi.
941 2645 1019 2725 ent.
1033 2640 1080 2722 et·
1095 2619 1375 2724 citefetttfftt

317 2735 427 2787 Putrem
442 2733 470 2786 in
485 2734 604 2789 Parthos
621 2743 733 2788 secutus
752 2733 843 2805 periit
861 2765 893 2777 -
926 2752 975 2804 per
989 2735 1126 2803 poputum.
1160 2732 1257 2789 Lamb.
1280 2746 1310 2785 at
1327 2751 1378 2802 per

312 2816 376 2868 pop.
411 2797 571 2855 Dandarurn
588 2802 755 2873 legationum
770 2799 812 2853 ius
830 2814 917 2870 pente
934 2811 1077 2864 uenatum,
1094 2811 1189 2854 contra
1213 2814 1246 2850 ue
1269 2816 1378 2852 morem

227 2874 231 2879 ’
316 2875 393 2929 erat,
418 2881 466 2919 eat
485 2881 502 2919 a
523 2869 630 2940 populo
652 2877 759 2937 petere.
794 2865 830 2920 V.
848 2876 1020 2919 commentat.
1035 2881 1121 2918 meam
1140 2865 1174 2921 de
1189 2815 1281 2921 genet.
1295 2865 1379 2920 Rom.
1417 2882 1419 2885 ·

337 2930 394 2985 ,38
409 2947 450 3003 sq.
468 2960 502 2975 ·-
535 2935 705 3003 Byzantium,
725 2941 788 2986 uta
807 2934 830 2986 B
850 2931 960 2997 tentiis,
982 2948 1054 3003 quoa
1071 2929 1201 2983 tribunus
1237 2927 1307 2982 lehis
1324 2947 1378 2984 aua

314 2949 376 3068 sege
392 2995 427 3049 ab
444 2996 592 3076 exilioper
614 2999 652 3051 M.
668 2999 801 3078 cutonem
831 2996 972 3078 ‘ticeusem
998 2996 1126 3111 (kalut.
1143 2996 1189 3077 yit.
1230 3000 1281 3064 at.)
1297 2997 1378 3077 resti·

315 3070 429 3183 :em
484 3080 612 3194 tuctu
630 3073 1027 3209 metuerunt-en?
1041 3063 1173 3208 ‚sttu-
1206 3064 1375 3199 tutet:

316 3195 530 3257 Gallo·Graeco
548 3197 674 3266 regiaque
691 3196 815 3250 Deiotari
853 3190 948 3263 duero,
967 3192 1082 3273 (Jlodnm
1099 3195 1230 3250 tribunus
1249 3193 1375 3248 sacerdo·

287 3332 291 3337 ι
314 3260 383 3317 tium
405 3262 522 3334 Magnae
538 3262 636 3315 Matris
652 3279 673 3314 s.
694 3261 813 3331 Cybeles
829 3213 1032 3329 lqessinuutrae,
1059 3261 1176 3332 expulso
1193 3262 1266 3315 iusto
1288 3277 1376 3314 sacer·

315 3325 394 3394 dote,
407 3323 583 3393 vendiderat,
599 3327 681 3398 eique
695 3327 767 3400 regis
781 3344 818 3382 uo
863 3347 881 3382 n
898 3325 1020 3382 dederat.
1053 3328 1089 3383 V.
1104 3328 1159 3381 Cic
1175 3345 1230 3400 pro
1245 3329 1320 3382 Sext.
1335 3326 1375 3379 26.

315 3390 387 3447 dom.
402 3409 441 3447 uo.
457 3391 491 3446 de
507 3393 619 3465 barusp.
634 3409 678 3447 res
699 3410 755 3450 ont.
771 3394 810 3450 13.
824 3412 839 3448 u
857 3433 864 3448 .
894 3395 982 3449 Huius
997 3409 1111 3465 quoque
1127 3395 1296 3466 syngraphas
1311 3392 1376 3470 Cio-

315 3455 375 3511 dius
390 3459 497 3530 erigere
512 3456 598 3515 voluit
612 3460 784 3515 hoc‘rtinere.
796 3492 830 3505 -
863 3459 935 3517 Pleu.
952 3477 995 3512 res
1011 3477 1080 3511 nam.
1103 3459 1224 3515 Multum
1241 3474 1375 3537 peeuurue

315 3537 349 3577 ex
363 3523 414 3577 hac
429 3541 461 3578 rc
476 3525 521 3578 col
533 3524 566 3596 ‘gi
581 3535 676 3597 potest.
693 3558 724 3569 -
758 3527 795 3578 ad
808 3538 893 3579 nostr.
910 3529 1012 3586 loven,
1029 3534 1121 3590 ntea,
1141 3543 1212 3596 quae
1225 3527 1331 3600 Iupiter
1346 3543 1376 3577 nr

314 3591 440 3668 pqe'mate
456 3588 489 3644 de
504 3601 531 3643 te
561 3591 677 3662 poribus
690 3591 745 3646 suia
757 3602 865 3657 mouet,
879 3591 1028 3657 faciamus3
1045 3591 1174 3645 nimirum
1191 3600 1237 3656 ut,
1254 3598 1334 3643 etiam
1351 3590 1375 3644 ai

313 3672 450 3775 ssqrduesg
463 3657 597 3776 εὲπωίιθῑῑίει
611 3673 657 3712 ras
671 3658 748 3730 publ.
763 3657 987 3726 administretur,
1005 3673 1118 3711 suarum
1133 3667 1222 3712 tamea
1239 3654 1376 3711 virtutum

458 3740 541 3778 cuso
581 3740 624 3776 ur.

381 3818 408 3880 s.
426 3813 449 3866 3.
482 3814 514 3864 de
529 3814 637 3867 umbttu.
672 3813 818 3886 Pompeios
834 3823 862 3867 et
875 3815 993 3868 Crassus
1007 3814 1083 3869 Coss.
1097 3828 1198 3884 quum,
1215 3809 1374 3892 petentibus

312 3885 474 3949 praeturam
491 3881 530 3934 Μ.
549 3879 649 3933 Porcio
666 3880 774 3934 Catone
790 3892 818 3934 et
834 3882 865 3934 P.
882 3879 1006 3949 Vatinio,
1024 3879 1096 3933 huno
1108 3877 1303 3948 nequissimum
1317 3894 1374 3930 om·

312 3943 388 3996 nium
405 3941 444 3996 illi
461 3941 638 4017 integerrimo
648 3945 708 3999 ⁴civi
724 3945 857 4000 anteferri
874 3947 992 4013 veilent,
1016 3959 1108 4015 neque
1123 3943 1150 3994 id
1169 3944 1297 3997 obtinere
1314 3943 1372 3995 sine

313 4008 418 4064 ambitu
440 4021 569 4081 possent,
593 4013 722 4065 timerent
748 4021 859 4077 autem,
882 4029 917 4065 ne
933 4012 1058 4066 Vatinius
1080 4009 1184 4062 electus
1208 4008 1243 4062 de
1267 4007 1371 4061 ambitu

312 4085 493 4130 accusaretur
507 4085 535 4130 et
549 4075 797 4130 condemnaretur:
821 4078 914 4144 soto,
930 4079 1005 4149 quod
1022 4075 1119 4130 cicero
1137 4075 1282 4148 significat,
1307 4090 1373 4125 cau-

313 4148 373 4196 tum
387 4151 443 4210 est,
460 4152 492 4197 ut
505 4150 650 4213 Praetores
664 4142 749 4197 creati
762 4143 852 4201 statim
864 4143 938 4199 huuc
949 4142 1138 4216 magistratum
1152 4143 1267 4209 inirent,
1280 4156 1373 4211 neque
