3009 5067
409 326 414 339 x
507 336 571 398 ΗΒ.
591 337 623 398 11,
664 290 960 400 1312,pr
997 288 1006 336 τ
1044 289 1276 400 ...·ἰΜ...

401 723 668 802 nnlsuunn
692 725 771 802 xv
795 749 900 802 nun.
923 805 948 831 st.
1016 703 1018 708 ’

119 866 139 877 ”
183 862 292 961 Scripta
312 883 414 942 Rornae
434 897 529 942 mense
550 880 659 952 Quintili
678 881 711 942 Α.
733 881 766 942 U.
788 881 817 942 C.
841 882 899 942 700
920 886 961 961 (a
982 880 1043 942 Chr.
1063 882 1121 958 it)

465 1070 469 1079 Δ
510 979 607 1040 iisdem
628 981 792 1042 consulibus.
974 982 978 989 “
1078 1014 1081 1019 ·

124 1076 333 1191 Arsameuturt
365 1079 439 1174 Nibil
455 1135 527 1190 spus
543 1134 602 1172 esse
620 1118 749 1173 rescribit
762 1120 857 1185 fratri,
874 1130 907 1174 nt
919 1118 962 1173 sui
973 1119 1091 1190 'periculi
1104 1135 1185 1174 causa

224 1201 305 1255 citius
326 1215 410 1273 quam
433 1200 485 1273 ipsi
507 1217 578 1273 opus
595 1201 630 1256 sit
647 1216 662 1253 a
679 1200 820 1272 provincia
837 1202 953 1258 Romam
968 1198 1065 1256 redeat
1090 1203 1186 1270 1-33

225 1283 356 1338 ambitum
370 1282 398 1336 in
414 1281 486 1336 urbe
504 1280 582 1336 valde
599 1283 790 1359 ingravescere
807 1282 937 1356 significat
956 1286 982 1351 4.

287 1498 292 1508 .
337 1453 580 1529 „unncus
609 1454 650 1540 Q.
678 1457 854 1523 nnnunn
882 1457 922 1526 s.
954 1442 957 1445 ’

126 1590 130 1597 ’
208 1576 345 1647 cuano
366 1584 403 1646 ct
420 1583 606 1647 atramento
626 1583 833 1668 temperato,
855 1574 972 1647 chana
985 1581 1085 1647 ctiam
1100 1580 1186 1648 ‹len-
1228 1582 1258 1646 1.

127 1690 199 1754 tata
218 1704 275 1752 res
297 1691 432 1774 agetur.
474 1684 605 1754 Scribis
627 1688 713 1753 enirn
734 1691 770 1753 tc
786 1705 880 1758 meas
896 1686 1013 1754 literas
1029 1688 1185 1775 superiu-

125 1811 183 1859 res
207 1793 262 1860 vix
283 1793 402 1880 legere
422 1795 596 1880 potuisse:
618 1793 652 1859 in
672 1813 737 1880 qun
755 1793 838 1860 nihil
857 1814 988 1878 eorum,
1008 1795 1052 1860 mi
1070 1794 1186 1882 irater,

125 1900 209 1988 fuit,
231 1918 316 1986 qnae
335 1904 446 1986 putus.
498 1884 619 1990 Neque
647 1901 735 1967 enirn
765 1905 946 1988 occupatus
967 1919 1063 1976 eram¹
1078 1919 1188 1988 neque
1271 1969 1274 1974 .

96 2055 97 2061 1
124 2007 339 2093 perturbatus
360 2026 425 2073 nec
445 2008 551 2073 iratus
572 2007 690 2073 alicui:
713 2006 775 2072 sed
797 2010 860 2074 hec
881 2006 969 2073 sacis
995 2024 1129 2093 semper
1150 2009 1186 2071 ut

126 2112 310 2196 quicunque
331 2110 479 2177 calamus
499 2112 534 2175 in
555 2128 673 2175 manus
693 2127 788 2194 nuces
804 2112 956 2201 venerit,
978 2112 1084 2178 eosic
1099 2115 1186 2199 utar,

126 2220 295 2302 tamquam
320 2216 416 2282 bono.
465 2215 591 2282 Verum
620 2216 758 2289 attende
788 2235 897 2307 nunc,
927 2217 971 2283 mi
999 2218 1121 2303 optimc
1152 2220 1187 2284 ct
1227 2224 1260 2290 8.

126 2321 329 2389 suavissime
347 2319 475 2404 frater,
495 2319 540 2388 ad
559 2337 603 2389 ea
623 2319 700 2388 dum
714 2322 884 2413 rescribe,
904 2339 992 2410 quac
1012 2327 1050 2389 tn
1069 2322 1106 2387 in
1124 2321 1189 2388 hac

125 2427 244 2495 cadem
264 2427 359 2493 brevi
380 2427 525 2513 epistula
545 2436 785 2513 πραγματικῶς
800 2426 902 2494 valde
914 2426 1094 2520 scripsisti.
1135 2425 1189 2493 De

92 2532 94 2536 ’
126 2551 191 2619 quo
213 2533 320 2622 petis,
341 2535 379 2599 ut
400 2530 444 2598 ad
465 2537 519 2619 tc,
540 2533 624 2600 nihil
644 2535 834 2623 occultans,
855 2532 938 2601 nihil
959 2529 1188 2618 dissimulans,

192 2763 220 2827 g.
241 2775 262 2810 1.
294 2756 390 2811 Norae
407 2755 538 2829 epistolae
556 2755 661 2809 initium
678 2754 721 2808 hic
742 2754 870 2809 cassiam
888 2753 1028 2808 Manutius
1044 2751 1127 2820 vidit,
1143 2752 1189 2805 de·

127 2839 184 2895 que
200 2823 259 2876 eius
274 2821 407 2877 sententia
426 2822 604 2894 asaperiore
622 2819 750 2876 disiunxit
767 2820 879 2876 Schiutz.
894 2850 928 2862 -·
944 2830 1116 2897 'tenperata
1133 2834 1188 2871 non

125 2889 205 2943 nimis
220 2889 310 2942 tenaci
321 2897 349 2942 et
359 2888 433 2941 helle
447 2888 610 2961 composite,
625 2884 846 2942 adscribendum
857 2886 1006 2959 aptissime.
1022 2884 1063 2938 ef.
1075 2884 1147 2939 Vitr.
1161 2901 1188 2952 7,

129 2973 166 3008 ne.
182 2955 252 3008 Plin.
269 2956 319 3021 365
332 2955 358 3010 5.
369 2982 402 2997 -
436 2956 557 3017 dentata,
573 2952 674 3026 polita,
690 2953 823 3024 laevigata
838 2948 919 3005 dente
938 2950 1085 3005 conchess.
1119 2949 1189 3003 Plin.

127 3022 164 3073 Η.
177 3021 213 3073 N.
236 3022 281 3086 13,
301 3037 331 3077 rt
346 3030 412 3075 sect.
428 3020 475 3075 nb:
499 3022 632 3075 Scabrs'ts‘c
655 3021 764 3074 cbartae
783 3019 936 3086 laevigatur
956 3017 1036 3069 dente
1051 3017 1189 3071 ecnubere.

128 3087 204 3138 Haec
227 3095 322 3138 nostre
346 3085 432 3139 verba
455 3102 539 3140 sensu
559 3086 678 3158 proprio
704 3101 768 3138 curn
787 3084 913 3139 Munatio
932 3080 1090 3154 accipienda
1111 3089 1190 3143 sunt,

129 3147 208 3223 qued
224 3159 252 3202 et
269 3147 366 3203 iliade
385 3160 538 3231 straunento
556 3160 728 3270 temperate²
752 3149 787 3203 da
804 3149 900 3204 charta
915 3149 1001 3221 polita
1018 3143 1147 3228 speciest,
1164 3154 1197 3217 et

128 3223 696 3355 bitatibitiisisibutus:
713 3233 849 3336 'ism
866 3221 1131 3353 institituit,
1151 3227 1193 3354 ‚⁰2

129 3348 257 3403 nimirum
275 3344 309 3399 de
324 3347 458 3401 Cicerone
475 3347 576 3402 acerbe
591 3358 619 3404 et
632 3347 765 3402 iracunde
779 3346 934 3414 scribente,
951 3354 980 3400 et
993 3353 1193 3415 temperantius

128 3432 160 3470 ac
175 3411 362 3466 moderantius
380 3412 407 3465 in
426 3423 569 3485 postcrum
585 3415 735 3485 scripturo.
750 3444 782 3456 -
816 3431 860 3464 res
876 3425 973 3483 agetur
992 3437 1025 3460 =
1044 3408 1192 3489 scribetur.

127 3482 205 3600 {nii
218 3477 1020 3617 {uiritim”itititt‘ttbztt‘tibputiff
1035 3472 1193 3542 ΜΝ

543 3584 552 3613 s
723 3584 734 3607 a
983 3583 990 3598 ·

192 3644 221 3707 ς.
240 3651 263 3690 s.
296 3641 498 3708 πραγματικῶς,
523 3653 602 3689 more
615 3634 731 3689 hominis
753 3649 850 3689 rerum
865 3632 1033 3707 agendarum
1053 3631 1142 3703 periti.
1158 3662 1192 3673 -

130 3704 170 3754 De
186 3719 236 3772 qus
250 3704 318 3772 petis
334 3710 387 3755 cet.
420 3702 507 3755 Orcll.
520 3701 555 3754 ad
568 3704 595 3758 b.
608 3703 643 3762 br
661 3702 727 3756 »Sic
740 3699 903 3755 scribendus
914 3696 1075 3767 ridebatur,
1087 3697 1192 3769 inquit,

130 3768 209 3820 locus
225 3776 378 3838 corruptus
394 3776 422 3821 et
441 3784 457 3819 a
475 3766 596 3822 librariis
619 3777 647 3822 ct
665 3785 682 3822 a
699 3767 809 3827 criticis.
847 3765 912 3820 Scib
936 3765 1059 3844 fraterne
1079 3765 1194 3844 biarcns

131 3832 379 3951 tibiitiiiit
384 3828 1195 3953 sitiibt'tiiittb13i³iiiii¹biti„tiibttt

133 3967 201 4016 baec
214 3972 255 4015 ast
267 3917 394 4042 ι’»διιοὰ
411 3963 446 4017 ad
460 3965 488 4017 id
503 3964 614 4034 attinet,
630 3941 707 4036 quosl
721 3964 805 4036 petis,
821 3973 853 4017 ut
867 3963 904 4016 ad·
918 3973 945 4017 te
958 3962 1080 4016 fraterne
1094 3958 1194 4037 rescri-

131 4028 213 4095 bam,
229 4026 256 4106 igi
276 4039 317 4107 est
333 4036 380 4100 (ε
392 4031 419 4084 id
435 4039 621 4102 suspectat),
640 4041 670 4084 ut
683 4030 718 4084 ad
735 4027 936 4108 expediendurn
949 4037 992 4096 ts,
1009 4028 1032 4082 si
1047 4041 1129 4105 cpusa
1144 4031 1194 4089 snt,

132 4096 225 4215 petius
240 4103 301 4147 sstnc
318 4112 488 4176 commorere
496 4116 506 4165 3
523 4096 697 4177 utrumusoles
712 4096 824 4149 dixerim
840 4114 864 4174 r..
875 4109 971 4175 aspre
985 4101 1108 4166 apertius
1120 4104 1193 4142 nunc

154 4177 238 4231 scam,
252 4168 280 4215 te
292 4170 454 4218 commorari
468 4161 588 4234 debere,
600 4178 656 4219 sive
672 4171 798 4219 contras
831 4161 889 4217 tissi
901 4171 985 4235 igitur
999 4172 1097 4230 magne
1109 4169 1195 4226 opere
