3009 5067
305 298 360 370 64
445 298 481 366 Μ
503 305 533 366 Τ.
554 301 736 369 CICERONIS
756 298 907 370 Epistol.
929 301 978 371 AD
1000 309 1031 381 Q.
1052 305 1219 374 FRATREM

305 497 382 568 res,
401 481 512 549 multis
534 482 680 569 querelis
701 481 745 550 de
764 502 803 550 re
822 484 956 570 publiea
976 488 1251 578 interponendis,
1272 491 1366 559 nulla

305 591 480 654 transacta
499 592 563 654 est.
612 585 652 655 C.
673 586 759 656 Cato
779 589 892 676 legem
912 591 1142 681 promulgavit
1164 593 1207 661 de
1225 595 1364 681 imperio

228 687 261 757 2.
303 693 447 761 Lentulo
474 693 683 783 abrogando.
739 694 907 764 Vestitum
934 695 1023 762 lilius
1054 699 1215 765 mutavit·
1255 702 1297 766 A.
1328 700 1361 767 d.

303 799 400 866 v111.
421 798 472 865 ld.
493 799 595 867 Febr.
616 801 696 868 Milo
718 803 822 869 aliuit.
865 800 960 867 Dixit
980 800 1182 891 Pompeius,
1203 805 1278 874 sive
1297 825 1362 872 vo·
1416 821 1418 823 ’

302 905 375 971 luit.
421 905 529 997 Nam,
557 912 595 973 nt
622 908 794 997 surrexit,
826 925 949 994 operae
975 905 1160 974 Clodianae
1187 909 1363 978 clamorem

303 1011 529 1079 sustulerunt:
560 1012 660 1099 idque
684 1015 716 1081 ei
741 999 905 1101 perpetua
927 1014 1076 1080 oratione
1098 1019 1261 1106 contigit,
1295 1037 1362 1085 non

303 1117 400 1186 modo
428 1123 465 1185 ut
492 1119 749 1208 acclamatione,
782 1119 844 1187 sed
872 1123 910 1188 ut
938 1122 1089 1187 convicio
1118 1126 1152 1188 et
1172 1123 1360 1189 maledictis

302 1224 527 1311 impediretur.
570 1224 635 1309 Qui
654 1230 693 1292 ut
712 1226 904 1313 peroravit:
925 1252 966 1273 -ι
987 1244 1062 1291 nam
1082 1226 1116 1289 in
1131 1245 1171 1292 ea
1185 1244 1271 1291 sane
1286 1227 1362 1294 ior*

302 1330 348 1397 tis
368 1330 450 1397 luite
482 1350 551 1399 non
570 1337 626 1398 est
645 1331 846 1400 deterritus:
878 1328 962 1395 dixit
983 1329 1108 1417 omnia,
1128 1334 1227 1414 atque
1247 1330 1362 1398 interd

303 1435 380 1508 dum
401 1438 502 1505 etiam
522 1437 675 1529 silentio,
696 1460 770 1506 cum
789 1435 988 1507 anctoritate
1009 1445 1158 1522 semper:
1178 1436 1302 1501 -sed
1322 1442 1359 1502 nt

301 1539 491 1634 peroravit,
518 1546 665 1611 surrexit
691 1542 841 1613 Clodius.
888 1543 932 1610 Ei
959 1547 1074 1608 tantus
1103 1539 1226 1608 clamor
1252 1562 1359 1609 auo-

301 1651 404 1739 stris,
425 1686 466 1699 —
485 1650 660 1736 placuerat
687 1651 775 1717 enim
800 1650 928 1719 referre
955 1650 1104 1735 gratiam
1125 1685 1165 1698 -
1190 1656 1225 1715 ut
1250 1667 1361 1736 neque

301 1759 413 1823 mente
433 1774 542 1843 neque
558 1747 675 1843 lingua
690 1774 799 1844 neque
816 1773 874 1822 ore
889 1757 1102 1821 consisteret.
1143 1755 1196 1822 Ea
1210 1774 1267 1823 res
1282 1762 1361 1824 aeta

295 1867 377 1950 est,
397 1882 495 1950 quum
515 1862 559 1930 Η.
580 1859 644 1931 vt'
662 1863 722 1929 vix
742 1863 921 1949 Pompeius
942 1865 1156 1949 perorasset,
1186 1879 1292 1947 usque
1313 1862 1366 1928 ad·

198 1977 203 1984 '
299 1968 344 2036 Η.
366 1967 482 2056 vlla,
511 1989 610 2058 quum
630 1970 739 2036 omnia
759 1967 959 2055 maledieta,
987 1982 1109 2033 versus
1130 1967 1273 2056 denique
1295 1968 1359 2034 olr-

300 2074 511 2141 scoenissimi
530 2076 565 2141 in
585 2072 739 2142 clodum
760 2078 794 2141 et
811 2072 965 2141 clodian
979 2072 1181 2142 dicerentur.
1221 2073 1286 2140 Ille
1300 2073 1357 2139 la-

299 2180 381 2247 rens
409 2185 445 2248 et
471 2177 659 2269 exsanguis
684 2181 917 2269 interrogabat
941 2198 1021 2246 suos
1041 2181 1077 2246 in
1098 2180 1244 2246 clamore
1264 2180 1357 2267 ipso,

300 2285 384 2370 Quis
405 2292 517 2377 esset,
539 2289 595 2378 qui
614 2288 746 2376 plebem
766 2288 856 2355 lame
877 2277 1048 2353 necaret?
1095 2287 1359 2374 Respondebam

299 2414 441 2482 operae,
469 2395 659 2480 Pompeius.
715 2393 799 2478 Quis
828 2390 1079 2460 Alexandream
1109 2393 1160 2459 ire
1190 2385 1369 2480 cuperet?
1418 2469 1422 2472 ,

298 2497 584 2589 Respondebant,
597 2497 789 2586 Pompeius.
826 2498 932 2583 Quem
945 2502 996 2568 ire
1009 2489 1164 2567 vellent?
1197 2500 1358 2587 Respon-

298 2707 355 2763 bat.
370 2739 403 2751 -
436 2707 647 2779 derepablt'ca,
669 2706 807 2763 derebus
823 2709 943 2765 urbanis.
960 2739 992 2751 -
1024 2713 1052 2766 G.
1069 2712 1153 2772 Cato,
1169 2710 1300 2764 tribunus
1317 2711 1357 2782 pl.

299 2771 364 2829 vid
384 2790 471 2844 supra
490 2798 519 2843 ι,
535 2792 563 2840 a,
585 2777 622 2832 15.
654 2777 826 2830 Praenomen
848 2776 876 2830 in
898 2776 958 2831 aliis
977 2775 1115 2830 omissum.
1130 2807 1164 2819 -
1197 2777 1279 2842 legem
1296 2793 1361 2844 pros

297 2839 381 2907 mulg.
398 2839 416 2896 i.
432 2856 455 2893 e.
468 2839 630 2913 proposuit,
647 2851 678 2895 ut
692 2839 789 2895 deinde
802 2844 829 2896 le
848 2858 890 2895 em
904 2842 1000 2895 ferret.
1012 2872 1044 2882 -
1061 2841 1091 2891 de
1104 2843 1165 2909 clap.
1178 2840 1252 2891 Luat.
1264 2841 1363 2907 abrog.

297 2903 374 2976 quod
388 2915 481 2959 tamen
495 2905 659 2979 impediente
673 2907 793 2962 Lentulo
841 2902 971 2961 arcellino
985 2905 1098 2958 consule
1112 2906 1214 2957 laetum
1231 2919 1287 2956 non
1306 2915 1359 2962 est.

297 3002 331 3015 ·-
343 2971 440 3040 fildas,
467 2973 497 3025 Ρ.
515 2974 649 3032 Lentulus
667 2972 815 3047 Spinther,
842 2972 978 3027 aillanlio
995 2972 1141 3041 Torquato
1162 2968 1309 3040 adoptatus
1329 2981 1359 3025 at

298 3054 388 3111 augur
403 3037 501 3093 factus.
538 3039 580 3094 Gi.
596 3038 630 3095 ad
643 3038 696 3095 div.
712 3060 744 3110 7,
761 3040 808 3108 uo,
824 3058 850 3099 a.
873 3037 928 3093 Cic.
945 3052 999 3107 pro
1014 3036 1089 3094 Sext.
1103 3037 1143 3109 69.
1227 3053 1230 3060 ”

364 3152 392 3216 s.
417 3160 442 3200 u.
481 3147 535 3197 stoa
552 3146 637 3198 solato
658 3146 684 3203 h.
701 3162 739 3213 a,
762 3146 915 3217 interprete
932 3142 1060 3208 Subita,
1084 3159 1141 3195 non
1157 3144 1249 3215 potuit
1264 3144 1302 3198 ita
1320 3144 1359 3199 di-

289 3217 381 3278 cere,
405 3221 437 3264 ut
449 3217 621 3283 exspectaret
638 3228 667 3265 se
684 3211 838 3278 dicturum,
861 3220 893 3263 ut
909 3218 1012 3263 attente
1027 3219 1056 3263 'et
1070 3208 1128 3262 sine
1146 3209 1359 3282 perturbatione

296 3275 450 3333 audiretur.
471 3310 503 3324 -
534 3289 662 3347 perpetua
679 3291 750 3332 orat.
783 3278 821 3331 V.
839 3275 875 3329 de
890 3274 980 3348 signif.
1000 3293 1024 3334 r.
1041 3288 1186 3344 perpetuae
1209 3288 1302 3330 notam
1322 3277 1357 3330 ad

297 3341 333 3419 Q.
350 3342 406 3397 cta.
420 3341 454 3397 de
471 3352 528 3416 pet.
542 3342 657 3397 Consul.
672 3361 700 3416 p.
714 3347 755 3399 fio.
770 3373 802 3385 -
835 3343 1036 3399 acclamatione.
1057 3344 1093 3395 V.
1106 3358 1191 3413 supra
1205 3341 1240 3394 ad
1256 3361 1281 3411 a,
1298 3365 1319 3409 ι,
1334 3358 1358 3395 π.

295 3436 331 3451 -
356 3426 415 3460 esar
435 3410 598 3464 auctoritate
615 3427 725 3479 semper.
759 3411 801 3462 Ita
818 3408 903 3462 edidit
916 3407 1021 3475 Orell.‚
1044 3406 1208 3461 Lambinum
1237 3419 1357 3462 secutus.

296 3471 408 3533 Schtita.
424 3491 457 3527 ox
470 3472 659 3528 emendatione
673 3475 783 3529 Danesii
796 3485 824 3529 et
837 3474 971 3529 Manutii:
988 3492 1047 3528 cam
1059 3485 1129 3526 aaut.
1142 3485 1360 3543 semper-agerat.

297 3538 382 3612 Vulg.
397 3558 455 3593 eam
471 3543 632 3592 auctoritate
642 3552 793 3610 peregerat.
809 3567 844 3612 ἢ-
876 3540 983 3591 Clodz'ras
998 3537 1107 3603 aedilis,
1124 3538 1236 3596 Milonis
1250 3553 1359 3589 accusa-

296 3610 349 3658 tor.
369 3636 403 3647 -
435 3607 469 3657 Ei
488 3619 508 3662 t.
522 3607 554 3660 cl.
571 3624 588 3657 u
602 3609 701 3659 nostru
724 3623 761 3659 cc.
775 3605 865 3659 editus
880 3623 901 3659 s.
918 3604 1045 3658 sublatus
1062 3613 1157 3660 est.-·-
1190 3617 1220 3655 at
1297 3618 1358 3652 eoa-

297 3671 402 3720 sisteret
418 3670 434 3724 i.
449 3688 472 3723 e.
488 3682 520 3726 ut
535 3686 627 3743 neque
639 3670 738 3727 mentis
753 3686 845 3742 neque
860 3669 969 3741 linguae
985 3685 1098 3741 compos
1115 3678 1201 3732 essct,
1221 3666 1358 3719 colorem·

297 3750 414 3806 quasue
434 3737 476 3791 ius
490 3738 653 3792 immutaret.
667 3768 699 3779 -
732 3737 846 3808 denr‘qaa.
873 3737 920 3789 Sic
935 3735 1022 3789 Orell.
1037 3752 1100 3787 curn
1114 3732 1192 3787 codd.
1209 3748 1263 3801 pro
1280 3732 1358 3805 vrflg.

296 3802 384 3853 eciam.
447 3803 557 3859 .adl.1
583 3820 628 3876 ep.
646 3822 668 3868 l,
685 3824 706 3856 ι.
724 3834 758 3843 -
791 3801 921 3864 Clodiam,
936 3816 1063 3853 sororem
1076 3803 1106 3853 P.
1121 3795 1222 3861 Clodii,
1239 3806 1357 3869 nuptam

297 3865 331 3942 Q.
348 3867 463 3920 Metello
480 3870 579 3924 Celeri.
611 3890 636 3925 v.
648 3885 702 3940 pro
716 3868 795 3923 coel.
813 3872 861 3935 st,
877 3867 912 3920 ad
931 3871 1030 3934 Atta,
1043 3885 1059 3934 q
1074 3866 1129 3918 init.
1148 3883 1175 3926 ι·,
1188 3863 1228 3917 35.
1246 3896 1279 3907 -
1313 3883 1357 3915 ea·

296 3935 419 4001 satagatis,
440 3934 600 4006 vepallidus.
615 3967 647 3978 -
681 3939 708 3985 ἐκ
720 3935 755 3989 el.
770 3937 827 4001 apso
842 3932 1064 3988 Milonianorum.
1082 3960 1115 3973 -
1139 3926 1217 3994 fame
1234 3940 1356 3989 necaret,

296 3998 376 4068 quasi
394 4000 556 4071 Pompeius,
579 3999 621 4052 rei
636 3997 833 4053 frumentariae
847 3998 1025 4117 praefectus,
1049 3996 1219 4074 trumentum
1240 3993 1356 4075 epmpri⁴

296 4074 393 4183 meredt.
409 4096 441 4106 —
484 4065 677 4117 Alexandream
700 4063 799 4134 (Vulg.
814 4069 849 4117 A
871 4066 1024 4131 canaram)
1046 4077 1085 4112 rra
1112 4060 1263 4116 Ptolemaei
1281 4068 1357 4115 resti·

296 4134 363 4184 tuen
381 4132 390 4185 i
408 4146 510 4185 causer
