3009 5067
517 282 579 343 nm.
601 283 620 341 1.
659 280 719 372 ur,
731 282 765 396 up
782 334 795 357 ,
817 335 819 338 .
1123 281 1171 348 aa

5 497 7 532 :
114 464 182 530 tius
196 462 270 549 ipse
282 462 452 550 cognouit.
491 459 626 528 mentm
641 462 824 528 intervenit
838 463 1069 531 nonnullorum
1084 477 1170 550 que·

5 599 7 658 ,
115 571 218 658 reiis,
246 587 333 656 quae
354 567 445 655 apud
466 584 519 631 me
539 563 583 631 de
603 564 661 630 illo
679 566 755 652 ipso
776 566 1002 633 habebantur:
1030 572 1067 637 et
1087 586 1171 637 sen·

5 721 7 754 ,
115 675 179 741 tire
200 674 310 760 potuit
330 687 504 739 sermones
524 669 708 754 iniquorum
730 671 765 735 in
780 690 874 737 suum
887 674 1093 760 potissimum
1106 697 1171 746 no·

116 801 194 849 men
212 795 398 864 erumpere.
442 773 535 858 Quod
556 778 668 841 autem
689 797 743 845 me
764 780 905 845 maxime
924 798 1059 847 movere
1078 783 1172 850 solen
1211 777 1246 846 3,

117 888 196 975 lat,
229 905 330 971 quum
349 881 521 948 audiebam
548 880 639 946 illum
659 880 737 968 plus
758 881 847 968 apud
868 886 902 950 te
923 903 1047 974 posse,
1077 905 1173 972 quam

119 994 278 1084 gravitas
306 990 403 1056 istius
431 987 553 1054 aetatis
583 990 619 1052 et
638 986 769 1073 imperii
787 987 967 1073 prudentia
987 992 1174 1077 postularet

5 1105 7 1116 '
118 1117 280 1185 -quam
302 1097 421 1163 multos
442 1094 529 1161 enim
550 1111 678 1164 mecum
698 1094 817 1182 egisse
837 1100 958 1186 putas,
979 1102 1016 1163 ut
1032 1116 1071 1165 se
1090 1098 1174 1168 Sta-

121 1206 167 1272 tio
197 1192 488 1270 commendarent
520 1219 618 1288 quam
645 1199 749 1267 multa
776 1203 887 1266 autem
915 1203 1024 1288 ipsum
1045 1206 1176 1292 torte<

14 1329 18 1334 ’
118 1328 243 1400 mecum
263 1310 298 1374 in
318 1325 475 1376 sermone
493 1308 541 1378 ita
562 1297 794 1393 protulisseir
830 1306 887 1372 nid
909 1306 989 1373 mihi
1008 1328 1074 1377 non
1095 1309 1174 1398 pla-

116 1419 206 1484 cuit:
235 1415 369 1503 monui,
391 1414 504 1504 suasi,
527 1413 720 1480 deterrunt
758 1413 877 1500 quibus
898 1414 933 1479 in
952 1413 1053 1480 rebus
1075 1418 1175 1484 etiam

114 1525 147 1590 si
165 1522 312 1589 fidelitas
333 1540 462 1588 summa
483 1524 538 1587 est
554 1556 596 1569 -
611 1519 697 1608 quod
716 1536 857 1606 prorsus
876 1517 997 1608 credo,
1020 1522 1175 1607 quoniam

116 1631 153 1696 tu
173 1630 222 1695 ita
242 1628 372 1695 iudicas
385 1632 557 1694 -tamen
578 1627 713 1714 species
733 1625 809 1710 ipsa
825 1628 891 1690 tam
906 1626 1051 1711 gratiosi
1062 1626 1175 1694 liberti

117 1738 177 1801 sut
197 1734 290 1801 servi
311 1733 512 1820 dignitatem
532 1732 657 1799 habere
677 1732 803 1798 nullam
819 1737 943 1819 potest.
982 1734 1094 1820 Atque
1110 1734 1175 1804 hoc

118 1840 169 1906 sic
188 1839 310 1905 habeto
330 1875 371 1887 —
391 1838 473 1904 nihil
495 1825 583 1908 enim
602 1857 667 1908 nec
687 1847 815 1907 temere
836 1838 949 1906 dicere
976 1860 1043 1909 nec
1062 1845 1174 1909 astute
1270 1891 1273 1898 a

85 1929 90 1938 ’
114 1946 260 2013 reticere
281 1944 386 2012 debeo
415 1981 455 1995 -
483 1947 653 2016 materiam
682 1966 810 2013 omnem
832 1965 1021 2013 sermonum
1041 1966 1173 2036 eorum,

119 2054 174 2138 qui
196 2052 239 2118 de
259 2056 295 2118 te
315 2051 495 2118 detrahere
508 2052 656 2140 vellent,
677 2052 824 2121 Statium
843 2050 1002 2121 dedisset
1024 2059 1059 2120 et
1073 2061 1175 2123 antea

5 2185 7 2250 }
118 2163 250 2225 tantum
277 2157 424 2241 intelligi
451 2156 621 2243 potuisse,
652 2157 758 2223 iratos
785 2160 865 2221 tuae
892 2159 1068 2224 severitati
1095 2179 1175 2228 esse

5 2251 7 2272 ³
119 2261 319 2330 nonnullos:
350 2260 415 2325 hoc
435 2260 655 2349 manumisso,
685 2262 805 2343 iratis,
832 2260 918 2346 quod
945 2262 1174 2352 loquerentur,

117 2388 185 2435 nou
207 2365 369 2435 defuisse.

5 2581 7 2622 ἶ
117 2593 189 2647 bene
204 2592 328 2665 eupiunt.
341 2621 374 2635 -
413 2588 441 2643 is
457 2609 535 2644 suam
548 2603 603 2661 pot.
624 2606 691 2647 swan.
709 2568 843 2661 eracapere
861 2585 877 2648 i
893 2608 917 2651 e.
935 2592 962 2646 in
981 2599 1011 2647 se
1027 2593 1175 2665 praecipue

43 2671 49 2680 ·
117 2659 219 2728 emitti,
236 2675 265 2712 se
283 2657 478 2731 perstringere.

200 2808 207 2824 .
230 2769 254 2823 3.
288 2768 366 2832 Quod
385 2778 482 2819 cutem.
516 2766 657 2833 Faernus,
682 2767 747 2836 quia
768 2784 824 2820 nou
846 2766 1033 2841 perspiciebat
1055 2785 1175 2842 sequens

17 2835 21 2842 '
46 2833 59 2844 “
115 2833 304 2898 (ἱνακολουθον,
325 2832 439 2887 coniecit
463 2832 540 2896 Quod
557 2835 626 2884 rtem.
659 2831 802 2887 Sententia
816 2832 853 2887 ita
869 2835 1021 2902 decurrere
1039 2832 1175 2905 debebat,

117 2909 150 2952 ut
166 2911 230 2970 post
249 2921 274 2955 v.
288 2901 589 2968 deterrui-sequeretur
605 2899 653 2951 too
670 2911 747 2959 erat,
764 2900 826 2971 queis
840 2900 879 2950 lais
893 2902 921 2951 in
935 2900 1021 2957 rodco.
1034 2934 1065 2943 -
1098 2905 1176 2955 istius

117 2977 171 3021 cet.
198 2966 239 3020 lta
256 2966 381 3033 semitm,
399 2965 562 3019 Lambinum
578 2974 705 3030 secutus,
722 2981 777 3035 pro
792 2965 865 3036 vulg.
882 2965 954 3017 illius
968 2970 1073 3021 aetatu.
1107 2971 1176 3022 Ben-

116 3030 213 3102 tivogl.
234 3033 305 3084 male
329 3032 397 3084 bace
413 3029 468 3085 duo
487 3030 571 3083 verbs
587 3027 622 3082 ad
641 3031 761 3085 Statium
782 3030 879 3084 refert.
896 3063 928 3073 -
961 3049 1059 3084 mecum
1080 3036 1175 3101 egslrse,

119 3111 154 3147 ex
169 3111 212 3152 me
229 3098 346 3168 petiisse.
362 3129 396 3141 -
418 3095 502 3166 ipsum
520 3095 647 3151 Statium.
663 3128 696 3141 -
728 3097 849 3164 ἀφελῶς,
865 3096 1033 3168 simpliciter,
1050 3100 1176 3170 ingenue,

117 3173 177 3231 quo
195 3177 224 3214 se
242 3159 370 3233 prodidit¹
385 3194 418 3207 -
457 3165 497 3213 ita
510 3163 669 3232 protelatas,
688 3172 719 3216 nt
736 3163 889 3234 probaret,
905 3174 1040 3234 quantum
1056 3163 1131 3235 apud
1148 3173 1176 3217 te

119 3226 281 3281 valeret...
316 3228 406 3298 quibus
422 3230 449 3279 s'a
462 3227 544 3281 rebar.
576 3226 621 3281 Sic
638 3228 712 3281 hunc
726 3229 835 3298 locum,
874 3228 901 3281 ni
935 3230 1099 3283 ratissimum
1113 3245 1176 3282 con·

5 3339 7 3358 ἱ
116 3292 187 3345 tinet
206 3294 391 3357 ἀνακόλουθον,
413 3290 632 3363 ¹distinguendum
650 3310 711 3347 esse
728 3305 803 3349 recte
824 3245 889 3351 ,12st
930 3296 1007 3361 rell,
1033 3294 1176 3366 quoniam,
1267 3329 1269 3331 v

35 3391 41 3400 ·
81 3369 87 3384 ⁸
118 3358 159 3412 uti
175 3358 263 3431 liquet
279 3378 311 3414 ex
331 3375 390 3420 vco.
405 3359 460 3418 ita,
479 3374 521 3409 vv.
536 3347 564 3407 td
576 3359 641 3409 midi
654 3376 706 3411 noa
720 3361 823 3427 placuit
890 3363 1011 3414 deterrui
1025 3367 1077 3429 (sc.
1092 3358 1176 3437 Quina

114 3430 207 3492 tum),
225 3442 281 3478 uon
296 3427 335 3479 Μ.
353 3421 511 3483 Ciceronis,
528 3420 760 3492 quemadmodum
775 3427 912 3497 accepisse
927 3426 1056 3479 videntur
1075 3426 1175 3494 ceteri,

118 3489 250 3565 (deterrui
264 3491 408 3557 Statium),
428 3487 475 3541 sed
492 3485 572 3542 Statii
591 3497 664 3543 sunt.
698 3489 790 3559 Vulgo
800 3491 919 3564 legitura
945 3493 1022 3556 (laod
1034 3503 1131 3542 ostem·

115 3553 269 3625 postularet
287 3557 378 3632 (quam
394 3555 492 3607 multos
562 3554 602 3603 ita
616 3555 775 3627 protelatae)
788 3558 817 3607 r'd
828 3560 895 3609 nutat
958 3558 1083 3611 deterrui.
1115 3560 1176 3621 Qat-

120 3623 167 3672 dus
181 3625 208 3673 tn
224 3624 301 3678 rodus
317 3632 362 3677 cet
387 3653 419 3665 -
453 3619 544 3690 qcz'bus
560 3620 589 3668 in
606 3619 683 3673 rebus
699 3621 812 3692 respicit
827 3623 929 3690 rerba,
945 3621 1047 3705 quibus
1064 3623 1176 3691 Statius,

117 3690 359 3767 tauquam'Quinto
374 3689 512 3758 superior,
530 3701 596 3739 usus
612 3694 682 3739 erut.
695 3716 728 3727 -
754 3706 829 3759 quon.
848 3688 1000 3742 ratramni.
1019 3687 1089 3744 Vide
1103 3706 1176 3761 quse

120 3751 201 3806 fratri
223 3756 416 3809 manumissum
440 3753 569 3805 Tironem
593 3752 748 3832 gratulatus
772 3754 881 3825 scripsit
902 3754 1020 3831 Quintus
1047 3753 1099 3822 (ad
1120 3756 1174 3810 dir.

122 3819 244 3885 16‚1o):
270 3821 321 3877 aSi
344 3820 414 3873 enirn
437 3817 500 3871 mihi
521 3817 601 3889 Statii
613 3818 734 3886 fidelitas
757 3829 785 3873 et
802 3819 945 3893 frugalitas
964 3830 1006 3873 est
1024 3831 1114 3877 tantae
1133 3840 1177 3874 vo·

119 3884 241 3955 luptatis
259 3898 308 3941 etc.
321 3920 352 3929 -
382 3887 477 3955 spectes
492 3885 591 3951 apsa:
608 3884 668 3936 sola
684 3884 820 3957 cogitatio.
833 3919 866 3932 -
896 3888 934 3938 tie
947 3887 1038 3938 habeto
1054 3914 1087 3937 =
1100 3889 1174 3942 scitu.

119 3983 153 3993 -
177 3967 229 4004 eor.
249 3954 386 4022 quidese
408 3950 510 4002 deerat.
530 3950 589 4001 vell,
615 3947 851 4018 detrectatorum,
876 3952 1093 4023 vituperatorem
1116 3963 1176 4005 tuo·

118 4033 191 4069 rum.
212 4049 244 4059 -
278 4020 371 4069 uellent
394 4015 468 4069 dedit
484 4015 549 4067 Era.
565 4015 725 4071 coniectura
743 4035 798 4090 pro
822 4018 893 4090 curig.
911 4019 1010 4081 calciat,
1034 4017 1175 4073 utstatim

5 4133 7 4142 ,
118 4080 245 4154 sequitur
263 4082 438 4153 loquerentur.
694 4117 699 4124 ·
