3009 5067
337 303 385 371 30
478 309 513 369 ll.
535 310 564 368 T.
588 308 769 369 CICERONIS
791 299 941 376 EPlS'lOL.
963 309 1011 368 Ali
1033 310 1064 380 Q.
1085 311 1251 372 FRATREM

277 517 283 528 ·
336 490 376 556 ln
396 509 461 576 quo
482 487 667 556 cavendum
688 494 762 576 est,
790 507 853 577 ne,
881 491 912 556 si
931 490 1162 582 negligentior
1181 493 1308 579 locria,
1330 513 1401 559 uon

336 596 443 663 solum
464 596 524 664 tibi
545 614 661 682 parurn
682 595 913 685 consuluisse,
938 597 1002 664 sed
1023 599 1123 666 etiam
1143 602 1209 666 tuis
1230 599 1401 666 invidisse

335 700 494 769 videaris.

135 812 235 879 xvi.
258 813 319 880 45,
417 807 531 892 Atque
551 806 637 872 haec
656 826 723 872 non
745 824 786 876 eo
807 806 981 894 dicuntur,
1002 816 1039 876 ut
1056 816 1092 877 te
1106 813 1212 881 oratio
1226 831 1301 880 mea
1314 812 1399 879 dor-

334 913 491 990 mientem
517 915 711 1000 excitasse,
741 911 806 978 sed
831 916 942 997 potius
967 921 1005 982 ut
1025 924 1216 987 currentem
1235 898 1399 987 incitasse

334 1005 515 1090 videatur(
542 1020 664 1085 Facies
685 1019 773 1084 enim
794 1023 971 1108 perpetuo,
999 1038 1086 1106 quae
1106 1021 1239 1108 fecisti,
1261 1011 1396 1091 ut'om-

334 1144 398 1194 nea
422 1129 625 1213 aequitatem
651 1128 762 1210 tuam,
794 1125 1063 1213 temperantiam,
1093 1129 1312 1208 severitatem
1338 1131 1398 1195 in-

227 1265 230 1292 1
335 1233 593 1320 comitatemque
616 1230 764 1298 laudent
806 1230 880 1300 Sed
895 1250 948 1297 me
965 1231 1129 1319 quaedam
1144 1236 1240 1307 tenet
1257 1241 1398 1322 propter
1414 1283 1430 1338 9

335 1337 543 1426 singularem
556 1356 700 1403 amorem
714 1337 843 1406 infinita
853 1339 888 1404 in
900 1342 936 1404 te
949 1338 1096 1406 aviditas
1108 1338 1257 1427 gloriaez
1273 1358 1408 1427 quam--

335 1462 432 1531 quam
450 1443 533 1510 illud
547 1444 721 1534 existimo,
742 1445 922 1532 qouniam
939 1443 1000 1511 tilii
1011 1444 1122 1533 alsia,
1136 1444 1230 1516 *aient
1244 1446 1301 1510 uni
1318 1445 1395 1509 cui·

335 1570 400 1638 que
416 1549 630 1640 sua‘domus,
652 1555 733 1638 nota
754 1570 832 1621 esse
854 1550 996 1638 debeat,
1018 1567 1115 1635 quum
1136 1548 1180 1630 ad
1193 1553 1282 1615 tuam
1298 1568 1395 1615 sum-

333 1678 420 1727 nam
447 1658 658 1744 prudentiam
685 1662 800 1724 tantus
826 1675 912 1748 naua
935 1656 1142 1740 accesserit,
1182 1653 1265 1720 nihil
1296 1673 1396 1743 esse,

335 1762 422 1851 quod
443 1762 488 1829 ad
508 1760 640 1840 laudem
660 1763 821 1850 attineat,
853 1761 941 1849 quod
967 1782 1034 1830 uon
1056 1766 1093 1828 tu
1114 1763 1237 1849 optime
1258 1762 1415 1849 perspi·

335 1871 407 1940 cias
428 1875 463 1936 et
484 1869 544 1934 tibi
563 1888 630 1934 nou
650 1869 730 1946 eine¹
743 1869 935 1956 cuiusquam
952 1855 1185 1934 exhortatione
1201 1869 1236 1944 iu
1251 1875 1398 1939 mentem

334 1977 451 2044 veniat
465 1974 620 2063 quotidie.
662 1973 736 2042 Sed
753 1991 841 2060 ego,
863 1976 934 2063 qui,
955 1995 1052 2062 quum
1073 1975 1251 2064 melego,
1273 1980 1310 2042 te
1329 1995 1395 2043 au·

335 2082 430 2171 dire,
452 2087 487 2150 et
508 2082 712 2170 (luipuldum
732 2078 776 2148 ad
799 2081 834 2147 te
854 2081 984 2169 scribo,
1016 2086 1123 2150 tecum
1145 2084 1237 2171 loqui
1256 2084 1393 2152 videor:

264 2212 266 2219 ·
333 2186 458 2256 idcireo
489 2192 525 2254 et
551 2191 609 2253 tua
628 2184 978 2273 longissima-quaque
1000 2186 1144 2272 epistola
1164 2189 1308 2257 maxime
1329 2188 1394 2258 de·

230 2288 293 2359 46.
335 2296 442 2365 lector
469 2291 607 2381 etipse
635 2293 669 2359 iu
696 2289 875 2359 scribendo
895 2311 969 2357 sum
990 2310 1095 2379 saepe
1115 2293 1258 2382 longior.
1306 2294 1395 2361 illud

334 2409 370 2474 te
392 2402 437 2471 ad
459 2408 642 2480 extremum
663 2402 698 2465 et
719 2418 777 2476 pro
798 2402 834 2464 et
852 2397 984 2482 hortor,
1005 2402 1063 2483 ut,
1085 2404 1251 2485 tarnquam
1272 2405 1394 2488 poetae

308 2513 314 2526 '
333 2508 412 2574 boni
433 2513 468 2573 et
485 2510 620 2573 actores
638 2504 796 2574 industrii
809 2502 937 2591 soleat,
960 2507 1009 2570 sic
1023 2512 1059 2570 tu
1076 2507 1110 2571 in
1129 2504 1280 2574 extrema
1295 2512 1394 2597 parte

334 2616 370 2679 et
398 2611 614 2684 conclusione
640 2612 787 2680 muneris
817 2631 858 2679 ac
885 2612 1013 2700 negotii
1039 2613 1087 2678 tui
1115 2612 1393 2704 diligentissimus

334 2718 405 2805 ais,
439 2720 477 2784 ut
506 2715 560 2784 liic
587 2716 707 2790 tertius
734 2735 844 2784 annus
864 2719 994 2805 imperii
1015 2721 1064 2785 tui
1086 2724 1252 2807 tamquam
1273 2724 1393 2792 tertius

334 2826 432 2892 actua
453 2823 720 2912 perfectissimus
747 2829 849 2911 atque
877 2826 1109 2893 ornatissimus
1137 2827 1244 2893 luisse
1271 2827 1394 2895 videa-

335 3042 426 3088 menta
443 3031 601 3106 accipienda
614 3049 670 3087 non
687 3031 803 3103 putavit.
816 3063 851 3074 -
880 3036 911 3086 Iu
923 3050 974 3103 quo
988 3050 1045 3089 cao.
1062 3045 1109 3088 esa.
1142 3034 1184 3086 lta
1197 3033 1308 3087 Ernoat.
1326 3050 1390 3086 uon·

334 3102 415 3182 iecit,
430 3113 513 3172 quern
530 3100 617 3178 aconti
631 3110 695 3153 auat
712 3098 826 3179 Sehiita.
839 3099 989 3155 ethrinam.
1005 3115 1058 3169 pro
1072 3097 1145 3172 vulg.
1164 3102 1193 3153 la
1210 3117 1262 3170 qua
1278 3115 1317 3154 ae.
1334 3100 1390 3178 Q·

334 3161 1390 3312 dludi?giuli-'ilidii‘{lipsaoi'iiaw'dlin.ffi‘iessflf'dia'id'ad'ff

335 3311 393 3355 ton.
407 3298 441 3351 ad
459 3298 619 3369 Philippi.
631 3315 653 3350 a.
670 3315 699 3368 p.
714 3301 780 3368 4913
796 3296 831 3350 ad
849 3298 926 3352 Fam.
946 3297 991 3363 13,
1004 3300 1052 3364 64.
1066 3314 1089 3353 a.
1106 3297 1154 3350 ubi
1171 3296 1262 3352 itidem
1281 3316 1335 3350 uon
1350 3314 1388 3349 so

335 3369 391 3419 lum
406 3363 552 3431 omittitur,
561 3372 668 3434 atquae
682 3374 780 3417 eontra
796 3364 855 3436 ipae
867 3361 973 3417 notarit
986 3370 1022 3416 ad
1036 3362 1163 3418 Oratoria
1176 3371 1199 3432 5.
1212 3382 1261 3435 227
1273 3362 1315 3418 ed.
1327 3363 1389 3421 min

399 3452 475 3511 XVI.
499 3462 526 3525 s.
544 3454 585 3521 45.
620 3455 721 3522 a'aptnc'tu
743 3455 770 3504 in
794 3466 819 3506 tc
842 3454 955 3505 aciditas
973 3454 1086 3522 gloriae.
1120 3454 1237 3508 Ursinua
1258 3450 1390 3507 coniecit:

335 3537 451 3574 umorem
469 3525 497 3575 in
515 3532 557 3581 te,
578 3521 679 3588 aiyinita
694 3520 809 3571 aviditas
819 3520 943 3588 gloriae,
966 3519 1043 3590 quod
1062 3520 1168 3573 Orellio
1185 3519 1268 3592 magia
1285 3518 1390 3588 placet,

334 3602 418 3703 qffl
434 3587 550 3668 Gesneri
564 3585 688 3703 suspitioni·
701 3603 800 3703 parffiun
818 3584 992 3700 probabilia:¹
1006 3587 1107 3702 agnita
1122 3596 1185 3666 tuoe
1200 3583 1389 3702 aoid.lgl.t·olt

335 3668 386 3782 ἕο,
403 3669 537 3786 deii
547 3662 744 3785 titillet
760 3665 1011 3786 ttte‘itiaf'i
1029 3663 1341 3785 aiirl'ido'fdss‘la'
1357 3667 1388 3770 ii

335 3782 369 3836 eit
386 3796 495 3837 aeneae:
513 3783 663 3839 avidissime
680 3784 763 3856 cupio
776 3791 807 3836 ta
818 3784 932 3857 gloriani
948 3783 1090 3853 consequi.
1103 3814 1136 3826 -
1168 3782 1204 3832 ad
1216 3780 1320 3831 laudem
1335 3781 1341 3833 i
1363 3798 1387 3836 e.

337 3844 372 3902 ad
390 3846 557 3904 laudabilem
580 3850 737 3923 provinciae
756 3859 824 3903 tuac
846 3847 1113 3907 administrationem,
1136 3878 1167 3889 -
1207 3848 1389 3898 exhortacione

334 3910 408 3969 dedit
424 3911 513 3969 Orell.
530 3932 563 3968 ex
576 3918 637 3975 cod.
654 3916 728 3976 ltled,
743 3933 799 3986 pro
815 3916 889 3988 vulg.
901 3916 1059 3968 hortatione.

401 4010 428 4073 s.
445 4001 487 4067 46.
513 4002 643 4053 ,andnamt
654 4004 683 4081 hg
694 4004 714 4060 i.
729 4001 834 4082 idonei,
845 4001 917 4081 moni.
933 4036 966 4046 -
995 4015 1075 4073 eamq.
1088 4001 1184 4081 tertius
1199 4012 1283 4056 actas.
1299 4001 1386 4057 Orell.

334 4066 1387 4206 ailbei-aerum:reparandae-„itarecepaea
