<?xml version="1.0" encoding="UTF-8"?>
<!DOCTYPE html PUBLIC "-//W3C//DTD XHTML 1.0 Transitional//EN"
    "http://www.w3.org/TR/xhtml1/DTD/xhtml1-transitional.dtd">
<html xmlns="http://www.w3.org/1999/xhtml" xml:lang="en" lang="en">
 <head>
  <title>
</title>
<meta http-equiv="Content-Type" content="text/html;charset=utf-8" />
  <meta name='ocr-system' content='tesseract 3.04.00' />
  <meta name='ocr-capabilities' content='ocr_page ocr_carea ocr_par ocr_line ocrx_word'/>
</head>
<body>
  <div class='ocr_page' id='page_1' title='image "./mtulliiciceroni00hoffgoog_0119.png"; bbox 0 0 3009 5067; ppageno 0'>
   <div class='ocr_carea' id='block_1_1' title="bbox 463 679 948 760">
    <p class='ocr_par' dir='ltr' id='par_1_1' title="bbox 463 679 948 760">
     <span class='ocr_line' id='line_1_1' title="bbox 463 679 948 760; baseline -0.004 -3"><span class='ocrx_word' id='word_1_1' title='bbox 463 679 729 760; x_wconf 79' lang='lat' dir='ltr'><strong>EPISTOLA</strong></span> <span class='ocrx_word' id='word_1_2' title='bbox 764 679 872 756; x_wconf 89' lang='lat' dir='ltr'><strong>XVI.</strong></span> <span class='ocrx_word' id='word_1_3' title='bbox 946 732 948 735; x_wconf 82' lang='lat'>·</span> 
     </span>
    </p>
   </div>
   <div class='ocr_carea' id='block_1_2' title="bbox 207 819 1131 983">
    <p class='ocr_par' dir='ltr' id='par_1_2' title="bbox 207 819 1131 983">
     <span class='ocr_line' id='line_1_2' title="bbox 207 819 1131 903; baseline -0.009 -15"><span class='ocrx_word' id='word_1_4' title='bbox 207 826 316 903; x_wconf 72' lang='lat' dir='ltr'>scapo</span> <span class='ocrx_word' id='word_1_5' title='bbox 335 823 438 885; x_wconf 64' lang='lat' dir='ltr'>unae</span> <span class='ocrx_word' id='word_1_6' title='bbox 458 839 554 884; x_wconf 85' lang='lat' dir='ltr'>mense</span> <span class='ocrx_word' id='word_1_7' title='bbox 574 822 669 884; x_wconf 83' lang='lat' dir='ltr'>Sextili</span> <span class='ocrx_word' id='word_1_8' title='bbox 689 821 722 883; x_wconf 76' lang='lat' dir='ltr'>A.</span> <span class='ocrx_word' id='word_1_9' title='bbox 742 823 775 883; x_wconf 91' lang='lat' dir='ltr'>U.</span> <span class='ocrx_word' id='word_1_10' title='bbox 797 821 827 883; x_wconf 82' lang='lat' dir='ltr'>G.</span> <span class='ocrx_word' id='word_1_11' title='bbox 849 821 909 882; x_wconf 83' lang='lat'>7⁰⁰</span> <span class='ocrx_word' id='word_1_12' title='bbox 929 826 970 898; x_wconf 86' lang='lat' dir='ltr'>(a.</span> <span class='ocrx_word' id='word_1_13' title='bbox 992 819 1054 881; x_wconf 81' lang='lat' dir='ltr'>Chr.</span> <span class='ocrx_word' id='word_1_14' title='bbox 1075 821 1131 896; x_wconf 79' lang='lat' dir='ltr'>tt)</span> 
     </span>
     <span class='ocr_line' id='line_1_3' title="bbox 526 919 1022 983; baseline -0.012 -3"><span class='ocrx_word' id='word_1_15' title='bbox 526 919 624 983; x_wconf 87' lang='lat' dir='ltr'>iisdem</span> <span class='ocrx_word' id='word_1_16' title='bbox 644 921 809 983; x_wconf 85' lang='lat' dir='ltr'>oonsulibus.</span> <span class='ocrx_word' id='word_1_17' title='bbox 869 967 871 970; x_wconf 94' lang='lat'>.</span> <span class='ocrx_word' id='word_1_18' title='bbox 1019 930 1022 935; x_wconf 64' lang='grc'>·’</span> 
     </span>
    </p>
   </div>
   <div class='ocr_carea' id='block_1_3' title="bbox 140 1045 1270 1450">
    <p class='ocr_par' dir='ltr' id='par_1_3' title="bbox 140 1045 1270 1450">
     <span class='ocr_line' id='line_1_4' title="bbox 140 1045 1199 1122; baseline -0.005 -15"><span class='ocrx_word' id='word_1_19' title='bbox 140 1055 350 1121; x_wconf 61' lang='lat' dir='ltr'>Argumentum.</span> <span class='ocrx_word' id='word_1_20' title='bbox 383 1047 487 1105; x_wconf 77' lang='lat' dir='ltr'>Scribit</span> <span class='ocrx_word' id='word_1_21' title='bbox 502 1066 532 1104; x_wconf 92' lang='lat' dir='ltr'>se</span> <span class='ocrx_word' id='word_1_22' title='bbox 549 1067 564 1104; x_wconf 95' lang='lat' dir='ltr'>a</span> <span class='ocrx_word' id='word_1_23' title='bbox 581 1051 669 1105; x_wconf 87' lang='lat' dir='ltr'>causis</span> <span class='ocrx_word' id='word_1_24' title='bbox 686 1060 714 1105; x_wconf 88' lang='lat' dir='ltr'>ot</span> <span class='ocrx_word' id='word_1_25' title='bbox 726 1047 832 1105; x_wconf 82' lang='lat' dir='ltr'>iudiciis</span> <span class='ocrx_word' id='word_1_26' title='bbox 848 1064 991 1122; x_wconf 77' lang='lat' dir='ltr'>nunquam</span> <span class='ocrx_word' id='word_1_27' title='bbox 1008 1045 1199 1104; x_wconf 75' lang='lat' dir='ltr'>districtiorem</span> 
     </span>
     <span class='ocr_line' id='line_1_5' title="bbox 239 1129 1198 1207; baseline -0.002 -22"><span class='ocrx_word' id='word_1_28' title='bbox 239 1131 322 1190; x_wconf 76' lang='lat' dir='ltr'>fuisse</span> <span class='ocrx_word' id='word_1_29' title='bbox 342 1150 369 1200; x_wconf 81' lang='lat'>¹3</span> <span class='ocrx_word' id='word_1_30' title='bbox 396 1129 431 1186; x_wconf 85' lang='lat' dir='ltr'>de</span> <span class='ocrx_word' id='word_1_31' title='bbox 450 1131 554 1186; x_wconf 87' lang='lat' dir='ltr'>ambitu</span> <span class='ocrx_word' id='word_1_32' title='bbox 569 1149 655 1203; x_wconf 88' lang='lat' dir='ltr'>quum</span> <span class='ocrx_word' id='word_1_33' title='bbox 674 1131 841 1187; x_wconf 76' lang='lat' dir='ltr'>atrocissime</span> <span class='ocrx_word' id='word_1_34' title='bbox 855 1141 1001 1207; x_wconf 81' lang='lat' dir='ltr'>ageretur,</span> <span class='ocrx_word' id='word_1_35' title='bbox 1017 1146 1047 1185; x_wconf 80' lang='lat' dir='ltr'>te</span> <span class='ocrx_word' id='word_1_36' title='bbox 1059 1129 1087 1184; x_wconf 92' lang='lat' dir='ltr'>in</span> <span class='ocrx_word' id='word_1_37' title='bbox 1101 1139 1198 1184; x_wconf 88' lang='lat' dir='ltr'>senatu</span> 
     </span>
     <span class='ocr_line' id='line_1_6' title="bbox 241 1209 1270 1284; baseline -0.003 -18"><span class='ocrx_word' id='word_1_38' title='bbox 241 1231 296 1266; x_wconf 90' lang='lat' dir='ltr'>non</span> <span class='ocrx_word' id='word_1_39' title='bbox 313 1213 396 1267; x_wconf 81' lang='lat' dir='ltr'>fuisse</span> <span class='ocrx_word' id='word_1_40' title='bbox 414 1230 428 1267; x_wconf 84' lang='lat' dir='ltr'>a</span> <span class='ocrx_word' id='word_1_41' title='bbox 436 1233 446 1283; x_wconf 83' lang='lat'><em>3</em></span> <span class='ocrx_word' id='word_1_42' title='bbox 463 1214 497 1267; x_wconf 85' lang='lat' dir='ltr'>de</span> <span class='ocrx_word' id='word_1_43' title='bbox 513 1213 614 1280; x_wconf 86' lang='lat' dir='ltr'>Drusi,</span> <span class='ocrx_word' id='word_1_44' title='bbox 630 1214 732 1268; x_wconf 82' lang='lat' dir='ltr'>Vatinii</span> <span class='ocrx_word' id='word_1_45' title='bbox 749 1223 777 1267; x_wconf 90' lang='lat' dir='ltr'>ct</span> <span class='ocrx_word' id='word_1_46' title='bbox 792 1212 892 1269; x_wconf 81' lang='lat' dir='ltr'>Scauri</span> <span class='ocrx_word' id='word_1_47' title='bbox 907 1211 1006 1268; x_wconf 88' lang='lat' dir='ltr'>iudicio</span> <span class='ocrx_word' id='word_1_48' title='bbox 1022 1213 1038 1266; x_wconf 80' lang='lat'><strong>3</strong></span> <span class='ocrx_word' id='word_1_49' title='bbox 1047 1229 1057 1281; x_wconf 89' lang='lat'>;</span> <span class='ocrx_word' id='word_1_50' title='bbox 1079 1211 1198 1284; x_wconf 80' lang='lat' dir='ltr'>gratula-</span> <span class='ocrx_word' id='word_1_51' title='bbox 1267 1209 1270 1214; x_wconf 81' lang='grc'><strong>’</strong></span> 
     </span>
     <span class='ocr_line' id='line_1_7' title="bbox 239 1292 1199 1367; baseline -0.005 -18"><span class='ocrx_word' id='word_1_52' title='bbox 239 1305 287 1349; x_wconf 89' lang='lat' dir='ltr'>tur</span> <span class='ocrx_word' id='word_1_53' title='bbox 300 1295 381 1350; x_wconf 86' lang='lat' dir='ltr'>fratri</span> <span class='ocrx_word' id='word_1_54' title='bbox 397 1297 515 1367; x_wconf 79' lang='lat' dir='ltr'><strong>amplam</strong></span> <span class='ocrx_word' id='word_1_55' title='bbox 534 1292 665 1348; x_wconf 86' lang='lat' dir='ltr'>derebus</span> <span class='ocrx_word' id='word_1_56' title='bbox 681 1292 842 1349; x_wconf 78' lang='lat' dir='ltr'>Britannicis</span> <span class='ocrx_word' id='word_1_57' title='bbox 856 1293 994 1348; x_wconf 82' lang='lat' dir='ltr'>scribendi</span> <span class='ocrx_word' id='word_1_58' title='bbox 1007 1292 1150 1347; x_wconf 78' lang='lat' dir='ltr'>materiam</span> <span class='ocrx_word' id='word_1_59' title='bbox 1165 1294 1199 1360; x_wconf 74' lang='lat'>43</span> 
     </span>
     <span class='ocr_line' id='line_1_8' title="bbox 239 1372 1197 1450; baseline -0.005 -19"><span class='ocrx_word' id='word_1_60' title='bbox 239 1375 358 1448; x_wconf 81' lang='lat' dir='ltr'>danique</span> <span class='ocrx_word' id='word_1_61' title='bbox 372 1373 439 1450; x_wconf 87' lang='lat' dir='ltr'>quid</span> <span class='ocrx_word' id='word_1_62' title='bbox 451 1374 485 1429; x_wconf 82' lang='lat' dir='ltr'>do</span> <span class='ocrx_word' id='word_1_63' title='bbox 497 1375 552 1430; x_wconf 90' lang='lat' dir='ltr'>suis</span> <span class='ocrx_word' id='word_1_64' title='bbox 562 1373 692 1429; x_wconf 82' lang='lat' dir='ltr'>rensibus</span> <span class='ocrx_word' id='word_1_65' title='bbox 703 1375 806 1429; x_wconf 83' lang='lat' dir='ltr'>Caesar</span> <span class='ocrx_word' id='word_1_66' title='bbox 815 1373 990 1444; x_wconf 74' lang='lat' dir='ltr'>iudicaverit,</span> <span class='ocrx_word' id='word_1_67' title='bbox 1003 1373 1156 1429; x_wconf 79' lang='lat' dir='ltr'>sciscitatur</span> <span class='ocrx_word' id='word_1_68' title='bbox 1171 1372 1197 1427; x_wconf 78' lang='grc' dir='ltr'>ὅ.</span> 
     </span>
    </p>
   </div>
   <div class='ocr_carea' id='block_1_4' title="bbox 260 1502 929 1605">
    <p class='ocr_par' dir='ltr' id='par_1_4' title="bbox 260 1502 929 1605">
     <span class='ocr_line' id='line_1_9' title="bbox 260 1502 929 1605; baseline -0.004 -16"><span class='ocrx_word' id='word_1_69' title='bbox 260 1516 265 1525; x_wconf 92' lang='grc'><strong><em>·</em></strong></span> <span class='ocrx_word' id='word_1_70' title='bbox 321 1502 324 1505; x_wconf 80' lang='grc'><strong>’</strong></span> <span class='ocrx_word' id='word_1_71' title='bbox 403 1520 596 1590; x_wconf 75' lang='lat' dir='ltr'>nanuuu</span> <span class='ocrx_word' id='word_1_72' title='bbox 622 1521 662 1605; x_wconf 77' lang='lat' dir='ltr'>Q.</span> <span class='ocrx_word' id='word_1_73' title='bbox 689 1522 866 1589; x_wconf 77' lang='lat' dir='ltr'>nonnul</span> <span class='ocrx_word' id='word_1_74' title='bbox 890 1520 929 1590; x_wconf 78' lang='lat' dir='ltr'>s,</span> 
     </span>
    </p>
   </div>
   <div class='ocr_carea' id='block_1_5' title="bbox 138 1638 1271 2581">
    <p class='ocr_par' dir='ltr' id='par_1_5' title="bbox 138 1638 1271 2581">
     <span class='ocr_line' id='line_1_10' title="bbox 223 1638 1271 1732; baseline -0.008 -21"><span class='ocrx_word' id='word_1_75' title='bbox 223 1645 330 1729; x_wconf 81' lang='lat' dir='ltr'>Quum</span> <span class='ocrx_word' id='word_1_76' title='bbox 360 1664 383 1713; x_wconf 82' lang='lat' dir='ltr'>a</span> <span class='ocrx_word' id='word_1_77' title='bbox 410 1665 463 1714; x_wconf 89' lang='lat' dir='ltr'>mc</span> <span class='ocrx_word' id='word_1_78' title='bbox 493 1645 611 1714; x_wconf 79' lang='lat' dir='ltr'>literas</span> <span class='ocrx_word' id='word_1_79' title='bbox 641 1643 769 1711; x_wconf 87' lang='lat' dir='ltr'>librarii</span> <span class='ocrx_word' id='word_1_80' title='bbox 800 1662 899 1712; x_wconf 85' lang='lat' dir='ltr'>manu</span> <span class='ocrx_word' id='word_1_81' title='bbox 930 1642 1121 1732; x_wconf 82' lang='lat' dir='ltr'>acceperis,</span> <span class='ocrx_word' id='word_1_82' title='bbox 1155 1661 1198 1710; x_wconf 87' lang='lat' dir='ltr'>ne</span> <span class='ocrx_word' id='word_1_83' title='bbox 1239 1638 1271 1704; x_wconf 84' lang='lat'>1.</span> 
     </span>
     <span class='ocr_line' id='line_1_11' title="bbox 140 1751 1198 1843; baseline -0.005 -24"><span class='ocrx_word' id='word_1_84' title='bbox 140 1751 287 1843; x_wconf 87' lang='lat' dir='ltr'>paullum</span> <span class='ocrx_word' id='word_1_85' title='bbox 306 1771 358 1819; x_wconf 88' lang='lat' dir='ltr'>mc</span> <span class='ocrx_word' id='word_1_86' title='bbox 379 1753 438 1820; x_wconf 90' lang='lat' dir='ltr'>otii</span> <span class='ocrx_word' id='word_1_87' title='bbox 459 1752 617 1818; x_wconf 85' lang='lat' dir='ltr'>habuisse</span> <span class='ocrx_word' id='word_1_88' title='bbox 644 1751 812 1818; x_wconf 72' lang='lat' dir='ltr'>iudicatos</span> <span class='ocrx_word' id='word_1_89' title='bbox 844 1770 942 1839; x_wconf 87' lang='lat' dir='ltr'>quum</span> <span class='ocrx_word' id='word_1_90' title='bbox 969 1755 1081 1817; x_wconf 85' lang='lat' dir='ltr'>sutem</span> <span class='ocrx_word' id='word_1_91' title='bbox 1106 1767 1198 1838; x_wconf 86' lang='lat' dir='ltr'>mes,</span> 
     </span>
     <span class='ocr_line' id='line_1_12' title="bbox 139 1857 1200 1946; baseline -0.002 -23"><span class='ocrx_word' id='word_1_92' title='bbox 139 1857 295 1944; x_wconf 87' lang='lat' dir='ltr'>paullum.</span> <span class='ocrx_word' id='word_1_93' title='bbox 344 1857 405 1928; x_wconf 82' lang='lat' dir='ltr'>Sic</span> <span class='ocrx_word' id='word_1_94' title='bbox 432 1860 519 1925; x_wconf 86' lang='lat' dir='ltr'>enim</span> <span class='ocrx_word' id='word_1_95' title='bbox 547 1857 689 1945; x_wconf 83' lang='lat' dir='ltr'>habeto,</span> <span class='ocrx_word' id='word_1_96' title='bbox 718 1877 886 1946; x_wconf 85' lang='lat' dir='ltr'>nunquam</span> <span class='ocrx_word' id='word_1_97' title='bbox 913 1875 967 1925; x_wconf 89' lang='lat' dir='ltr'>me</span> <span class='ocrx_word' id='word_1_98' title='bbox 987 1875 1008 1922; x_wconf 88' lang='lat' dir='ltr'>a</span> <span class='ocrx_word' id='word_1_99' title='bbox 1030 1857 1141 1923; x_wconf 86' lang='lat' dir='ltr'>causis</span> <span class='ocrx_word' id='word_1_100' title='bbox 1163 1859 1200 1922; x_wconf 89' lang='lat' dir='ltr'>ct</span> 
     </span>
     <span class='ocr_line' id='line_1_13' title="bbox 138 1964 1198 2054; baseline -0.002 -24"><span class='ocrx_word' id='word_1_101' title='bbox 138 1964 269 2033; x_wconf 86' lang='lat' dir='ltr'>indiciis</span> <span class='ocrx_word' id='word_1_102' title='bbox 290 1964 522 2037; x_wconf 85' lang='lat' dir='ltr'>districtiorem</span> <span class='ocrx_word' id='word_1_103' title='bbox 538 1964 663 2053; x_wconf 84' lang='lat' dir='ltr'>inisse,</span> <span class='ocrx_word' id='word_1_104' title='bbox 685 1970 785 2054; x_wconf 87' lang='lat' dir='ltr'>atque</span> <span class='ocrx_word' id='word_1_105' title='bbox 800 1965 835 2031; x_wconf 82' lang='lat' dir='ltr'>id</span> <span class='ocrx_word' id='word_1_106' title='bbox 851 1965 930 2031; x_wconf 84' lang='lat' dir='ltr'>enni</span> <span class='ocrx_word' id='word_1_107' title='bbox 946 1967 1096 2050; x_wconf 83' lang='lat' dir='ltr'>tempore</span> <span class='ocrx_word' id='word_1_108' title='bbox 1110 1981 1198 2051; x_wconf 85' lang='lat' dir='ltr'>gra-</span> 
     </span>
     <span class='ocr_line' id='line_1_14' title="bbox 139 2070 1200 2157; baseline -0.002 -19"><span class='ocrx_word' id='word_1_109' title='bbox 139 2071 277 2138; x_wconf 84' lang='lat' dir='ltr'>vissino</span> <span class='ocrx_word' id='word_1_110' title='bbox 299 2077 335 2139; x_wconf 87' lang='lat' dir='ltr'>et</span> <span class='ocrx_word' id='word_1_111' title='bbox 355 2072 521 2138; x_wconf 88' lang='lat' dir='ltr'>caloribus</span> <span class='ocrx_word' id='word_1_112' title='bbox 541 2073 728 2156; x_wconf 84' lang='lat' dir='ltr'>maximis.-</span> <span class='ocrx_word' id='word_1_113' title='bbox 756 2070 829 2139; x_wconf 80' lang='lat' dir='ltr'>Sed</span> <span class='ocrx_word' id='word_1_114' title='bbox 854 2071 960 2157; x_wconf 84' lang='lat' dir='ltr'>hacc,</span> <span class='ocrx_word' id='word_1_115' title='bbox 990 2071 1142 2157; x_wconf 88' lang='lat' dir='ltr'>quoniam</span> <span class='ocrx_word' id='word_1_116' title='bbox 1162 2074 1200 2136; x_wconf 90' lang='lat' dir='ltr'>tu</span> 
     </span>
     <span class='ocr_line' id='line_1_15' title="bbox 139 2174 1199 2265; baseline 0.001 -23"><span class='ocrx_word' id='word_1_117' title='bbox 139 2174 187 2242; x_wconf 83' lang='lat' dir='ltr'>ite</span> <span class='ocrx_word' id='word_1_118' title='bbox 207 2178 410 2264; x_wconf 82' lang='lat' dir='ltr'>praescribis</span> <span class='ocrx_word' id='word_1_119' title='bbox 420 2202 433 2263; x_wconf 54' lang='lat'>,⁴</span> <span class='ocrx_word' id='word_1_120' title='bbox 451 2177 592 2243; x_wconf 82' lang='lat' dir='ltr'>serenda</span> <span class='ocrx_word' id='word_1_121' title='bbox 612 2180 711 2265; x_wconf 81' lang='lat' dir='ltr'>sunt3</span> <span class='ocrx_word' id='word_1_122' title='bbox 732 2194 842 2264; x_wconf 89' lang='lat' dir='ltr'>neque</span> <span class='ocrx_word' id='word_1_123' title='bbox 854 2175 1139 2265; x_wconf 83' lang='lat' dir='ltr'>committendum,</span> <span class='ocrx_word' id='word_1_124' title='bbox 1160 2180 1199 2243; x_wconf 88' lang='lat' dir='ltr'>ut</span> 
     </span>
     <span class='ocr_line' id='line_1_16' title="bbox 142 2280 1198 2373; baseline -0.001 -24"><span class='ocrx_word' id='word_1_125' title='bbox 142 2286 202 2349; x_wconf 86' lang='lat' dir='ltr'>aut</span> <span class='ocrx_word' id='word_1_126' title='bbox 228 2284 301 2370; x_wconf 81' lang='lat' dir='ltr'>spei</span> <span class='ocrx_word' id='word_1_127' title='bbox 328 2288 387 2351; x_wconf 87' lang='lat' dir='ltr'>aut</span> <span class='ocrx_word' id='word_1_128' title='bbox 415 2284 615 2373; x_wconf 82' lang='lat' dir='ltr'>cogitationi</span> <span class='ocrx_word' id='word_1_129' title='bbox 640 2284 779 2350; x_wconf 86' lang='lat' dir='ltr'>vestrae</span> <span class='ocrx_word' id='word_1_130' title='bbox 800 2299 868 2369; x_wconf 86' lang='lat' dir='ltr'>ego</span> <span class='ocrx_word' id='word_1_131' title='bbox 890 2280 1009 2348; x_wconf 86' lang='lat' dir='ltr'>videar</span> <span class='ocrx_word' id='word_1_132' title='bbox 1030 2280 1198 2348; x_wconf 80' lang='lat' dir='ltr'>defuisse:</span> 
     </span>
     <span class='ocr_line' id='line_1_17' title="bbox 141 2386 1199 2477; baseline 0.001 -24"><span class='ocrx_word' id='word_1_133' title='bbox 141 2388 340 2475; x_wconf 83' lang='lat' dir='ltr'>praesertim</span> <span class='ocrx_word' id='word_1_134' title='bbox 368 2408 483 2477; x_wconf 82' lang='lat' dir='ltr'>quum,</span> <span class='ocrx_word' id='word_1_135' title='bbox 515 2389 651 2454; x_wconf 84' lang='lat' dir='ltr'>temetsi</span> <span class='ocrx_word' id='word_1_136' title='bbox 676 2386 711 2454; x_wconf 84' lang='lat' dir='ltr'>id</span> <span class='ocrx_word' id='word_1_137' title='bbox 740 2386 907 2454; x_wconf 76' lang='lat' dir='ltr'>difficilius</span> <span class='ocrx_word' id='word_1_138' title='bbox 936 2386 1061 2477; x_wconf 80' lang='lat' dir='ltr'>suerit,</span> <span class='ocrx_word' id='word_1_139' title='bbox 1087 2391 1199 2454; x_wconf 90' lang='lat' dir='ltr'>tamen</span> 
     </span>
     <span class='ocr_line' id='line_1_18' title="bbox 140 2491 1200 2581; baseline -0.001 -23"><span class='ocrx_word' id='word_1_140' title='bbox 140 2509 184 2558; x_wconf 83' lang='lat' dir='ltr'>ex</span> <span class='ocrx_word' id='word_1_141' title='bbox 205 2492 267 2558; x_wconf 89' lang='lat' dir='ltr'>hoc</span> <span class='ocrx_word' id='word_1_142' title='bbox 288 2491 402 2558; x_wconf 84' lang='lat' dir='ltr'>labore</span> <span class='ocrx_word' id='word_1_143' title='bbox 422 2511 579 2580; x_wconf 85' lang='lat' dir='ltr'>magnam</span> <span class='ocrx_word' id='word_1_144' title='bbox 600 2494 745 2581; x_wconf 80' lang='lat' dir='ltr'>gretiam</span> <span class='ocrx_word' id='word_1_145' title='bbox 761 2511 985 2580; x_wconf 84' lang='lat' dir='ltr'>magnamque</span> <span class='ocrx_word' id='word_1_146' title='bbox 1000 2491 1200 2581; x_wconf 78' lang='lat' dir='ltr'>dignitatern</span> 
     </span>
    </p>
   </div>
   <div class='ocr_carea' id='block_1_6' title="bbox 139 2598 1199 3009">
    <p class='ocr_par' dir='ltr' id='par_1_6' title="bbox 139 2598 1199 3009">
     <span class='ocr_line' id='line_1_19' title="bbox 140 2598 1198 2689; baseline 0 -25"><span class='ocrx_word' id='word_1_147' title='bbox 140 2599 204 2664; x_wconf 82' lang='lat' dir='ltr'>sim</span> <span class='ocrx_word' id='word_1_148' title='bbox 224 2598 434 2666; x_wconf 86' lang='lat' dir='ltr'>collecturus.</span> <span class='ocrx_word' id='word_1_149' title='bbox 475 2600 614 2689; x_wconf 84' lang='lat' dir='ltr'>Itaque,</span> <span class='ocrx_word' id='word_1_150' title='bbox 636 2604 673 2666; x_wconf 88' lang='lat' dir='ltr'>ut</span> <span class='ocrx_word' id='word_1_151' title='bbox 688 2600 748 2666; x_wconf 86' lang='lat' dir='ltr'>tibi</span> <span class='ocrx_word' id='word_1_152' title='bbox 763 2599 895 2689; x_wconf 83' lang='lat' dir='ltr'>placet,</span> <span class='ocrx_word' id='word_1_153' title='bbox 917 2599 1034 2666; x_wconf 84' lang='lat' dir='ltr'>damus</span> <span class='ocrx_word' id='word_1_154' title='bbox 1052 2616 1198 2687; x_wconf 86' lang='lat' dir='ltr'>operam,</span> 
     </span>
     <span class='ocr_line' id='line_1_20' title="bbox 140 2705 1198 2794; baseline 0.002 -24"><span class='ocrx_word' id='word_1_155' title='bbox 140 2718 185 2770; x_wconf 83' lang='lat' dir='ltr'>no</span> <span class='ocrx_word' id='word_1_156' title='bbox 206 2706 298 2771; x_wconf 86' lang='lat' dir='ltr'>cuius</span> <span class='ocrx_word' id='word_1_157' title='bbox 319 2706 463 2772; x_wconf 89' lang='lat' dir='ltr'>animum</span> <span class='ocrx_word' id='word_1_158' title='bbox 484 2705 689 2773; x_wconf 80' lang='lat' dir='ltr'>offendamus</span> <span class='ocrx_word' id='word_1_159' title='bbox 711 2710 811 2793; x_wconf 84' lang='lat' dir='ltr'>atque</span> <span class='ocrx_word' id='word_1_160' title='bbox 832 2711 869 2772; x_wconf 91' lang='lat' dir='ltr'>nt</span> <span class='ocrx_word' id='word_1_161' title='bbox 890 2708 990 2774; x_wconf 86' lang='lat' dir='ltr'>etiam</span> <span class='ocrx_word' id='word_1_162' title='bbox 1015 2706 1059 2774; x_wconf 84' lang='lat' dir='ltr'>ab</span> <span class='ocrx_word' id='word_1_163' title='bbox 1078 2707 1122 2773; x_wconf 87' lang='lat' dir='ltr'>iis</span> <span class='ocrx_word' id='word_1_164' title='bbox 1141 2707 1198 2794; x_wconf 87' lang='lat' dir='ltr'>ip-</span> 
     </span>
     <span class='ocr_line' id='line_1_21' title="bbox 139 2810 1199 2907; baseline 0.001 -27"><span class='ocrx_word' id='word_1_165' title='bbox 139 2812 209 2907; x_wconf 74' lang='lat' dir='ltr'>siu,</span> <span class='ocrx_word' id='word_1_166' title='bbox 229 2812 286 2899; x_wconf 87' lang='lat' dir='ltr'>qui</span> <span class='ocrx_word' id='word_1_167' title='bbox 305 2829 368 2880; x_wconf 89' lang='lat' dir='ltr'>nos</span> <span class='ocrx_word' id='word_1_168' title='bbox 390 2831 463 2879; x_wconf 86' lang='lat' dir='ltr'>cnm</span> <span class='ocrx_word' id='word_1_169' title='bbox 484 2810 635 2881; x_wconf 76' lang='lat' dir='ltr'>Caesare</span> <span class='ocrx_word' id='word_1_170' title='bbox 656 2817 725 2880; x_wconf 88' lang='lat' dir='ltr'>tam</span> <span class='ocrx_word' id='word_1_171' title='bbox 746 2815 943 2880; x_wconf 88' lang='lat' dir='ltr'>coniunctos</span> <span class='ocrx_word' id='word_1_172' title='bbox 964 2812 1098 2901; x_wconf 82' lang='lat' dir='ltr'>dolent,</span> <span class='ocrx_word' id='word_1_173' title='bbox 1119 2812 1199 2881; x_wconf 83' lang='lat' dir='ltr'>dili-</span> 
     </span>
     <span class='ocr_line' id='line_1_22' title="bbox 141 2919 1199 3009; baseline 0.001 -24"><span class='ocrx_word' id='word_1_174' title='bbox 141 2938 282 3008; x_wconf 80' lang='lat' dir='ltr'>gamar:</span> <span class='ocrx_word' id='word_1_175' title='bbox 311 2919 354 2986; x_wconf 86' lang='lat' dir='ltr'>ab</span> <span class='ocrx_word' id='word_1_176' title='bbox 374 2921 490 3009; x_wconf 85' lang='lat' dir='ltr'>aequis</span> <span class='ocrx_word' id='word_1_177' title='bbox 512 2937 594 2987; x_wconf 87' lang='lat' dir='ltr'>vero</span> <span class='ocrx_word' id='word_1_178' title='bbox 616 2924 675 2987; x_wconf 82' lang='lat' dir='ltr'>sut</span> <span class='ocrx_word' id='word_1_179' title='bbox 696 2920 798 2987; x_wconf 85' lang='lat' dir='ltr'>etiam</span> <span class='ocrx_word' id='word_1_180' title='bbox 819 2939 840 2986; x_wconf 88' lang='lat' dir='ltr'>a</span> <span class='ocrx_word' id='word_1_181' title='bbox 861 2920 1036 3008; x_wconf 85' lang='lat' dir='ltr'>propensis</span> <span class='ocrx_word' id='word_1_182' title='bbox 1055 2921 1091 2987; x_wconf 93' lang='lat' dir='ltr'>in</span> <span class='ocrx_word' id='word_1_183' title='bbox 1110 2919 1199 2987; x_wconf 84' lang='lat' dir='ltr'>hanc</span> 
     </span>
    </p>
   </div>
   <div class='ocr_carea' id='block_1_7' title="bbox 140 3111 1201 4240">
    <p class='ocr_par' dir='ltr' id='par_1_7' title="bbox 140 3111 1201 4240">
     <span class='ocr_line' id='line_1_23' title="bbox 189 3111 1199 3186; baseline 0.004 -24"><span class='ocrx_word' id='word_1_184' title='bbox 189 3119 234 3179; x_wconf 54' lang='grc' dir='ltr'>ς.</span> <span class='ocrx_word' id='word_1_185' title='bbox 257 3129 282 3163; x_wconf 89' lang='grc' dir='ltr'>ι.</span> <span class='ocrx_word' id='word_1_186' title='bbox 315 3111 421 3166; x_wconf 57' lang='lat' dir='ltr'>tta-ara·</span> <span class='ocrx_word' id='word_1_187' title='bbox 435 3132 515 3167; x_wconf 82' lang='lat' dir='ltr'>mauu</span> <span class='ocrx_word' id='word_1_188' title='bbox 535 3115 660 3186; x_wconf 79' lang='lat' dir='ltr'>scriptas.</span> <span class='ocrx_word' id='word_1_189' title='bbox 677 3145 710 3159; x_wconf 86' lang='lat'><em>-</em></span> <span class='ocrx_word' id='word_1_190' title='bbox 742 3132 775 3166; x_wconf 80' lang='lat' dir='ltr'>ne</span> <span class='ocrx_word' id='word_1_191' title='bbox 809 3113 911 3166; x_wconf 83' lang='lat' dir='ltr'>uallum</span> <span class='ocrx_word' id='word_1_192' title='bbox 953 3113 1043 3167; x_wconf 82' lang='lat' dir='ltr'>uidem</span> <span class='ocrx_word' id='word_1_193' title='bbox 1060 3115 1110 3165; x_wconf 80' lang='lat' dir='ltr'>otii</span> <span class='ocrx_word' id='word_1_194' title='bbox 1131 3116 1158 3168; x_wconf 84' lang='lat' dir='ltr'>h.</span> <span class='ocrx_word' id='word_1_195' title='bbox 1173 3128 1199 3166; x_wconf 83' lang='lat' dir='ltr'>e.</span> 
     </span>
     <span class='ocr_line' id='line_1_24' title="bbox 141 3175 1201 3252; baseline 0.001 -23"><span class='ocrx_word' id='word_1_196' title='bbox 141 3175 256 3229; x_wconf 87' lang='lat' dir='ltr'>nullum.</span> <span class='ocrx_word' id='word_1_197' title='bbox 272 3204 305 3218; x_wconf 95' lang='lat'>-</span> <span class='ocrx_word' id='word_1_198' title='bbox 337 3195 394 3230; x_wconf 85' lang='lat' dir='ltr'>meu</span> <span class='ocrx_word' id='word_1_199' title='bbox 411 3196 493 3233; x_wconf 85' lang='lat' dir='ltr'>manu</span> <span class='ocrx_word' id='word_1_200' title='bbox 509 3181 635 3252; x_wconf 80' lang='lat' dir='ltr'>scriptas.</span> <span class='ocrx_word' id='word_1_201' title='bbox 651 3213 685 3226; x_wconf 90' lang='lat'>-</span> <span class='ocrx_word' id='word_1_202' title='bbox 716 3197 771 3250; x_wconf 84' lang='lat' dir='ltr'>pou</span> <span class='ocrx_word' id='word_1_203' title='bbox 794 3198 849 3241; x_wconf 79' lang='lat' dir='ltr'>um,</span> <span class='ocrx_word' id='word_1_204' title='bbox 864 3196 946 3236; x_wconf 83' lang='lat' dir='ltr'>noum</span> <span class='ocrx_word' id='word_1_205' title='bbox 965 3180 984 3232; x_wconf 88' lang='lat' dir='ltr'>il</span> <span class='ocrx_word' id='word_1_206' title='bbox 1001 3179 1059 3234; x_wconf 87' lang='lat' dir='ltr'>otii.</span> <span class='ocrx_word' id='word_1_207' title='bbox 1081 3178 1129 3232; x_wconf 85' lang='lat' dir='ltr'>Sic</span> <span class='ocrx_word' id='word_1_208' title='bbox 1146 3177 1201 3231; x_wconf 81' lang='lat' dir='ltr'>etii·</span> 
     </span>
     <span class='ocr_line' id='line_1_25' title="bbox 141 3239 1200 3316; baseline 0.004 -23"><span class='ocrx_word' id='word_1_209' title='bbox 141 3239 181 3294; x_wconf 82' lang='lat' dir='ltr'>dit</span> <span class='ocrx_word' id='word_1_210' title='bbox 196 3241 285 3295; x_wconf 84' lang='lat' dir='ltr'>Oroll.</span> <span class='ocrx_word' id='word_1_211' title='bbox 298 3258 332 3295; x_wconf 82' lang='lat' dir='ltr'>ex</span> <span class='ocrx_word' id='word_1_212' title='bbox 345 3241 425 3299; x_wconf 82' lang='lat' dir='ltr'>codd.</span> <span class='ocrx_word' id='word_1_213' title='bbox 440 3240 563 3316; x_wconf 86' lang='lat' dir='ltr'>odittque</span> <span class='ocrx_word' id='word_1_214' title='bbox 579 3247 751 3302; x_wconf 83' lang='lat' dir='ltr'>auctoritate.</span> <span class='ocrx_word' id='word_1_215' title='bbox 786 3246 895 3301; x_wconf 87' lang='lat' dir='ltr'>Ernest.</span> <span class='ocrx_word' id='word_1_216' title='bbox 911 3248 1015 3300; x_wconf 80' lang='lat' dir='ltr'>uultum</span> <span class='ocrx_word' id='word_1_217' title='bbox 1030 3245 1087 3298; x_wconf 88' lang='lat' dir='ltr'>sine</span> <span class='ocrx_word' id='word_1_218' title='bbox 1100 3260 1200 3313; x_wconf 87' lang='lat' dir='ltr'>sensu;</span> 
     </span>
     <span class='ocr_line' id='line_1_26' title="bbox 140 3306 1201 3383; baseline -0.002 -21"><span class='ocrx_word' id='word_1_219' title='bbox 140 3306 252 3362; x_wconf 76' lang='lat' dir='ltr'>Sohiitn.</span> <span class='ocrx_word' id='word_1_220' title='bbox 268 3306 296 3360; x_wconf 91' lang='lat' dir='ltr'>in</span> <span class='ocrx_word' id='word_1_221' title='bbox 310 3307 374 3364; x_wconf 85' lang='lat' dir='ltr'>edit.</span> <span class='ocrx_word' id='word_1_222' title='bbox 389 3308 447 3363; x_wconf 77' lang='lat' dir='ltr'>mai</span> <span class='ocrx_word' id='word_1_223' title='bbox 465 3327 497 3360; x_wconf 85' lang='lat' dir='ltr'>ne</span> <span class='ocrx_word' id='word_1_224' title='bbox 512 3312 631 3373; x_wconf 80' lang='lat' dir='ltr'>nullum,</span> <span class='ocrx_word' id='word_1_225' title='bbox 654 3311 730 3383; x_wconf 83' lang='lat' dir='ltr'>quod</span> <span class='ocrx_word' id='word_1_226' title='bbox 748 3310 870 3366; x_wconf 86' lang='lat' dir='ltr'>correxit</span> <span class='ocrx_word' id='word_1_227' title='bbox 886 3311 915 3365; x_wconf 91' lang='lat' dir='ltr'>in</span> <span class='ocrx_word' id='word_1_228' title='bbox 933 3311 997 3366; x_wconf 85' lang='lat' dir='ltr'>edit.</span> <span class='ocrx_word' id='word_1_229' title='bbox 1013 3310 1078 3365; x_wconf 81' lang='lat' dir='ltr'>min.</span> <span class='ocrx_word' id='word_1_230' title='bbox 1093 3310 1121 3363; x_wconf 90' lang='lat' dir='ltr'>in</span> <span class='ocrx_word' id='word_1_231' title='bbox 1138 3327 1201 3361; x_wconf 82' lang='lat' dir='ltr'>nou·</span> 
     </span>
     <span class='ocr_line' id='line_1_27' title="bbox 140 3372 1199 3450; baseline 0.003 -26"><span class='ocrx_word' id='word_1_232' title='bbox 140 3375 260 3435; x_wconf 76' lang='lat' dir='ltr'>nullum,</span> <span class='ocrx_word' id='word_1_233' title='bbox 278 3372 353 3445; x_wconf 87' lang='lat' dir='ltr'>quod</span> <span class='ocrx_word' id='word_1_234' title='bbox 371 3372 443 3428; x_wconf 80' lang='lat' dir='ltr'>idom</span> <span class='ocrx_word' id='word_1_235' title='bbox 460 3385 502 3429; x_wconf 88' lang='lat' dir='ltr'>est</span> <span class='ocrx_word' id='word_1_236' title='bbox 517 3393 549 3429; x_wconf 90' lang='lat' dir='ltr'>ac</span> <span class='ocrx_word' id='word_1_237' title='bbox 561 3378 683 3447; x_wconf 80' lang='lat' dir='ltr'>paullum</span> <span class='ocrx_word' id='word_1_238' title='bbox 688 3396 702 3441; x_wconf 85' lang='lat'><em>;</em></span> <span class='ocrx_word' id='word_1_239' title='bbox 718 3376 767 3430; x_wconf 89' lang='lat' dir='ltr'>sed</span> <span class='ocrx_word' id='word_1_240' title='bbox 787 3387 909 3450; x_wconf 81' lang='lat' dir='ltr'>praestat</span> <span class='ocrx_word' id='word_1_241' title='bbox 925 3375 1011 3433; x_wconf 77' lang='lat' dir='ltr'>eodd.</span> <span class='ocrx_word' id='word_1_242' title='bbox 1031 3376 1121 3430; x_wconf 86' lang='lat' dir='ltr'>lectio.</span> <span class='ocrx_word' id='word_1_243' title='bbox 1155 3373 1199 3428; x_wconf 78' lang='lat' dir='ltr'>nd</span> 
     </span>
     <span class='ocr_line' id='line_1_28' title="bbox 140 3438 1200 3512; baseline -0.002 -19"><span class='ocrx_word' id='word_1_244' title='bbox 140 3439 301 3494; x_wconf 86' lang='lat' dir='ltr'>sententiam</span> <span class='ocrx_word' id='word_1_245' title='bbox 317 3440 352 3493; x_wconf 86' lang='lat' dir='ltr'>cf.</span> <span class='ocrx_word' id='word_1_246' title='bbox 364 3438 436 3494; x_wconf 83' lang='lat' dir='ltr'>infra</span> <span class='ocrx_word' id='word_1_247' title='bbox 450 3442 477 3510; x_wconf 84' lang='grc'>3,</span> <span class='ocrx_word' id='word_1_248' title='bbox 489 3441 520 3497; x_wconf 75' lang='lat'>6:</span> <span class='ocrx_word' id='word_1_249' title='bbox 537 3444 745 3512; x_wconf 73' lang='lat' dir='ltr'>occupationum</span> <span class='ocrx_word' id='word_1_250' title='bbox 761 3460 879 3496; x_wconf 82' lang='lat' dir='ltr'>mearum</span> <span class='ocrx_word' id='word_1_251' title='bbox 891 3445 941 3496; x_wconf 79' lang='lat' dir='ltr'>tibi</span> <span class='ocrx_word' id='word_1_252' title='bbox 953 3445 1059 3511; x_wconf 63' lang='lat' dir='ltr'>ugruum</span> <span class='ocrx_word' id='word_1_253' title='bbox 1072 3443 1108 3492; x_wconf 83' lang='lat' dir='ltr'>u‘t</span> <span class='ocrx_word' id='word_1_254' title='bbox 1122 3441 1200 3492; x_wconf 78' lang='lat' dir='ltr'>libra-</span> 
     </span>
     <span class='ocr_line' id='line_1_29' title="bbox 141 3502 1200 3577; baseline 0.002 -21"><span class='ocrx_word' id='word_1_255' title='bbox 141 3508 179 3557; x_wconf 75' lang='lat' dir='ltr'>rt&#39;u&#39;</span> <span class='ocrx_word' id='word_1_256' title='bbox 191 3522 305 3569; x_wconf 54' lang='lat' dir='ltr'>manum</span> <span class='ocrx_word' id='word_1_257' title='bbox 321 3502 356 3559; x_wconf 80' lang='lat' dir='ltr'>ad</span> <span class='ocrx_word' id='word_1_258' title='bbox 369 3509 426 3561; x_wconf 73' lang='lat' dir='ltr'>stt.</span> <span class='ocrx_word' id='word_1_259' title='bbox 440 3510 470 3574; x_wconf 79' lang='grc'>4,</span> <span class='ocrx_word' id='word_1_260' title='bbox 485 3508 532 3562; x_wconf 79' lang='lat'>16:</span> <span class='ocrx_word' id='word_1_261' title='bbox 550 3511 758 3577; x_wconf 77' lang='lat' dir='ltr'>occupationum</span> <span class='ocrx_word' id='word_1_262' title='bbox 773 3525 891 3561; x_wconf 85' lang='lat' dir='ltr'>meorum</span> <span class='ocrx_word' id='word_1_263' title='bbox 902 3511 944 3562; x_wconf 77' lang='lat' dir='ltr'>uei</span> <span class='ocrx_word' id='word_1_264' title='bbox 956 3511 1004 3562; x_wconf 77' lang='lat' dir='ltr'>icoc</span> <span class='ocrx_word' id='word_1_265' title='bbox 1017 3511 1122 3575; x_wconf 57' lang='lat' dir='ltr'>⁸nigratum</span> <span class='ocrx_word' id='word_1_266' title='bbox 1137 3509 1200 3568; x_wconf 78' lang='lat' dir='ltr'>erit,</span> 
     </span>
     <span class='ocr_line' id='line_1_30' title="bbox 140 3571 1199 3642; baseline 0.004 -20"><span class='ocrx_word' id='word_1_267' title='bbox 140 3573 209 3642; x_wconf 78' lang='lat' dir='ltr'>quod</span> <span class='ocrx_word' id='word_1_268' title='bbox 221 3571 333 3642; x_wconf 67' lang='lat' dir='ltr'>eputolu</span> <span class='ocrx_word' id='word_1_269' title='bbox 349 3571 457 3624; x_wconf 72' lang='lat' dir='ltr'>librarii</span> <span class='ocrx_word' id='word_1_270' title='bbox 467 3591 547 3626; x_wconf 84' lang='lat' dir='ltr'>mauu</span> <span class='ocrx_word' id='word_1_271' title='bbox 560 3585 653 3627; x_wconf 80' lang='lat' dir='ltr'>est.-</span> <span class='ocrx_word' id='word_1_272' title='bbox 685 3575 790 3637; x_wconf 74' lang='lat' dir='ltr'>habeto,</span> <span class='ocrx_word' id='word_1_273' title='bbox 804 3574 879 3629; x_wconf 83' lang='lat' dir='ltr'>scito.</span> <span class='ocrx_word' id='word_1_274' title='bbox 899 3608 930 3620; x_wconf 90' lang='lat'>-</span> <span class='ocrx_word' id='word_1_275' title='bbox 962 3581 1153 3635; x_wconf 76' lang='lat' dir='ltr'>uestrue,tuas</span> <span class='ocrx_word' id='word_1_276' title='bbox 1171 3582 1199 3626; x_wconf 82' lang='lat' dir='ltr'>et</span> 
     </span>
     <span class='ocr_line' id='line_1_31' title="bbox 142 3637 1199 3708; baseline 0 -17"><span class='ocrx_word' id='word_1_277' title='bbox 142 3638 266 3692; x_wconf 77' lang='lat' dir='ltr'>Caesaris</span> <span class='ocrx_word' id='word_1_278' title='bbox 298 3637 347 3708; x_wconf 91' lang='lat' dir='ltr'>qui</span> <span class='ocrx_word' id='word_1_279' title='bbox 361 3655 404 3692; x_wconf 88' lang='lat' dir='ltr'>me</span> <span class='ocrx_word' id='word_1_280' title='bbox 421 3637 494 3692; x_wconf 87' lang='lat' dir='ltr'>hunc</span> <span class='ocrx_word' id='word_1_281' title='bbox 507 3640 632 3695; x_wconf 85' lang='lat' dir='ltr'>laborem</span> <span class='ocrx_word' id='word_1_282' title='bbox 648 3638 787 3695; x_wconf 82' lang='lat' dir='ltr'>forensem</span> <span class='ocrx_word' id='word_1_283' title='bbox 804 3639 885 3695; x_wconf 83' lang='lat' dir='ltr'>etiarn</span> <span class='ocrx_word' id='word_1_284' title='bbox 902 3657 952 3694; x_wconf 89' lang='lat' dir='ltr'>sua</span> <span class='ocrx_word' id='word_1_285' title='bbox 967 3654 1049 3692; x_wconf 89' lang='lat' dir='ltr'>causa</span> <span class='ocrx_word' id='word_1_286' title='bbox 1065 3638 1199 3692; x_wconf 84' lang='lat' dir='ltr'>sustinere</span> 
     </span>
     <span class='ocr_line' id='line_1_32' title="bbox 143 3675 1199 3781; baseline 0.002 -27"><span class='ocrx_word' id='word_1_287' title='bbox 143 3703 209 3781; x_wconf 75' lang='lat' dir='ltr'>vult.</span> <span class='ocrx_word' id='word_1_288' title='bbox 241 3675 285 3758; x_wconf 56' lang='lat' dir='ltr'>Gi&#39;·</span> <span class='ocrx_word' id='word_1_289' title='bbox 297 3719 383 3775; x_wconf 80' lang='lat' dir='ltr'>supra</span> <span class='ocrx_word' id='word_1_290' title='bbox 398 3721 443 3775; x_wconf 85' lang='lat' dir='ltr'>ep.</span> <span class='ocrx_word' id='word_1_291' title='bbox 459 3705 567 3762; x_wconf 79' lang='lat' dir='ltr'>15.h.1.</span> <span class='ocrx_word' id='word_1_292' title='bbox 585 3702 607 3773; x_wconf 54' lang='grc' dir='ltr'>ᾗ.</span> <span class='ocrx_word' id='word_1_293' title='bbox 623 3722 657 3758; x_wconf 75' lang='lat' dir='ltr'>us</span> <span class='ocrx_word' id='word_1_294' title='bbox 674 3706 745 3778; x_wconf 84' lang='lat' dir='ltr'>quod</span> <span class='ocrx_word' id='word_1_295' title='bbox 757 3707 822 3757; x_wconf 74' lang='lat' dir='ltr'>miti</span> <span class='ocrx_word' id='word_1_296' title='bbox 835 3717 953 3776; x_wconf 81' lang='lat' dir='ltr'>tempus,</span> <span class='ocrx_word' id='word_1_297' title='bbox 968 3707 1065 3758; x_wconf 80' lang='lat' dir='ltr'>Romae</span> <span class='ocrx_word' id='word_1_298' title='bbox 1079 3721 1199 3774; x_wconf 64' lang='lat' dir='ltr'>praem</span> 
     </span>
     <span class='ocr_line' id='line_1_33' title="bbox 142 3770 1199 3840; baseline 0.005 -23"><span class='ocrx_word' id='word_1_299' title='bbox 142 3778 206 3828; x_wconf 75' lang='lat' dir='ltr'>tem,</span> <span class='ocrx_word' id='word_1_300' title='bbox 229 3781 260 3820; x_wconf 89' lang='lat' dir='ltr'>ut</span> <span class='ocrx_word' id='word_1_301' title='bbox 281 3771 329 3821; x_wconf 69' lang='lat' dir='ltr'>stro</span> <span class='ocrx_word' id='word_1_302' title='bbox 350 3771 482 3840; x_wconf 82' lang='lat' dir='ltr'>(Caesar)</span> <span class='ocrx_word' id='word_1_303' title='bbox 503 3789 543 3823; x_wconf 87' lang='lat' dir='ltr'>me</span> <span class='ocrx_word' id='word_1_304' title='bbox 563 3784 661 3839; x_wconf 72' lang='lat' dir='ltr'>rogat,</span> <span class='ocrx_word' id='word_1_305' title='bbox 686 3773 819 3833; x_wconf 77' lang='lat' dir='ltr'>mouenti,</span> <span class='ocrx_word' id='word_1_306' title='bbox 842 3790 955 3825; x_wconf 84' lang='lat' dir='ltr'>uacuum</span> <span class='ocrx_word' id='word_1_307' title='bbox 976 3770 1145 3822; x_wconf 69' lang='lat' dir='ltr'>ostenditur?</span> <span class='ocrx_word' id='word_1_308' title='bbox 1164 3801 1199 3813; x_wconf 95' lang='lat'><em>-</em></span> 
     </span>
     <span class='ocr_line' id='line_1_34' title="bbox 142 3830 1199 3910; baseline 0.004 -28"><span class='ocrx_word' id='word_1_309' title='bbox 142 3830 278 3910; x_wconf 72' lang='lat' dir='ltr'>drfficilius,</span> <span class='ocrx_word' id='word_1_310' title='bbox 295 3835 371 3889; x_wconf 86' lang='lat' dir='ltr'>ferre</span> <span class='ocrx_word' id='word_1_311' title='bbox 387 3846 492 3890; x_wconf 86' lang='lat' dir='ltr'>tanturn</span> <span class='ocrx_word' id='word_1_312' title='bbox 509 3836 644 3892; x_wconf 82' lang='lat' dir='ltr'>laborans.</span> <span class='ocrx_word' id='word_1_313' title='bbox 684 3838 760 3890; x_wconf 86' lang='lat' dir='ltr'>Haec</span> <span class='ocrx_word' id='word_1_314' title='bbox 773 3835 918 3892; x_wconf 81' lang='lat' dir='ltr'>difficultas</span> <span class='ocrx_word' id='word_1_315' title='bbox 934 3838 962 3890; x_wconf 89' lang='lat' dir='ltr'>in</span> <span class='ocrx_word' id='word_1_316' title='bbox 978 3852 1012 3890; x_wconf 86' lang='lat' dir='ltr'>oo</span> <span class='ocrx_word' id='word_1_317' title='bbox 1029 3836 1199 3908; x_wconf 87' lang='lat' dir='ltr'>potissimum</span> 
     </span>
     <span class='ocr_line' id='line_1_35' title="bbox 141 3899 1198 3975; baseline 0 -24"><span class='ocrx_word' id='word_1_318' title='bbox 141 3906 230 3969; x_wconf 76' lang='lat' dir='ltr'>posita</span> <span class='ocrx_word' id='word_1_319' title='bbox 253 3910 328 3968; x_wconf 79' lang='lat' dir='ltr'>erat,</span> <span class='ocrx_word' id='word_1_320' title='bbox 346 3900 422 3974; x_wconf 89' lang='lat' dir='ltr'>quod</span> <span class='ocrx_word' id='word_1_321' title='bbox 436 3902 550 3974; x_wconf 86' lang='lat' dir='ltr'>utrique</span> <span class='ocrx_word' id='word_1_322' title='bbox 562 3903 635 3975; x_wconf 90' lang='lat' dir='ltr'>parti</span> <span class='ocrx_word' id='word_1_323' title='bbox 650 3901 783 3957; x_wconf 81' lang='lat' dir='ltr'>inservire</span> <span class='ocrx_word' id='word_1_324' title='bbox 797 3903 910 3975; x_wconf 84' lang='lat' dir='ltr'>cupiens</span> <span class='ocrx_word' id='word_1_325' title='bbox 924 3903 992 3956; x_wconf 87' lang='lat' dir='ltr'>hanc</span> <span class='ocrx_word' id='word_1_326' title='bbox 1006 3918 1052 3955; x_wconf 87' lang='lat' dir='ltr'>sae</span> <span class='ocrx_word' id='word_1_327' title='bbox 1073 3918 1088 3954; x_wconf 93' lang='lat' dir='ltr'>e</span> <span class='ocrx_word' id='word_1_328' title='bbox 1102 3899 1198 3954; x_wconf 79' lang='lat' dir='ltr'>eadent</span> 
     </span>
     <span class='ocr_line' id='line_1_36' title="bbox 140 3919 1198 4090; baseline 0.002 -73"><span class='ocrx_word' id='word_1_329' title='bbox 140 3961 382 4087; x_wconf 40' lang='lat' dir='ltr'>sspglrifuitaegioeffii</span> <span class='ocrx_word' id='word_1_330' title='bbox 398 3985 455 4039; x_wconf 86' lang='lat' dir='ltr'>qua</span> <span class='ocrx_word' id='word_1_331' title='bbox 469 3968 652 4089; x_wconf 48' lang='lat' dir='ltr'>effisrffltsibi</span> <span class='ocrx_word' id='word_1_332' title='bbox 671 3967 837 4089; x_wconf 51' lang='lat' dir='ltr'>devinciret,</span> <span class='ocrx_word' id='word_1_333' title='bbox 856 3970 1002 4090; x_wconf 51' lang='lat' dir='ltr'>&#39;ngeuagk</span> <span class='ocrx_word' id='word_1_334' title='bbox 1016 3919 1198 4087; x_wconf 42' lang='lat' dir='ltr'>effigurat&amp;</span> 
     </span>
     <span class='ocr_line' id='line_1_37' title="bbox 164 4049 1117 4105; baseline 0 -21"><span class='ocrx_word' id='word_1_335' title='bbox 164 4050 171 4084; x_wconf 88' lang='grc' dir='ltr'>ι</span> <span class='ocrx_word' id='word_1_336' title='bbox 381 4049 472 4101; x_wconf 85' lang='lat' dir='ltr'>arom,</span> <span class='ocrx_word' id='word_1_337' title='bbox 518 4077 525 4090; x_wconf 90' lang='lat'><strong>.</strong></span> <span class='ocrx_word' id='word_1_338' title='bbox 593 4050 671 4088; x_wconf 88' lang='lat' dir='ltr'>onem</span> <span class='ocrx_word' id='word_1_339' title='bbox 690 4051 758 4105; x_wconf 87' lang='lat' dir='ltr'>prae</span> <span class='ocrx_word' id='word_1_340' title='bbox 772 4051 864 4103; x_wconf 86' lang='lat' dir='ltr'>orem,</span> <span class='ocrx_word' id='word_1_341' title='bbox 907 4053 961 4089; x_wconf 85' lang='lat' dir='ltr'>ornt</span> <span class='ocrx_word' id='word_1_342' title='bbox 982 4053 1029 4087; x_wconf 89' lang='lat' dir='ltr'>um</span> <span class='ocrx_word' id='word_1_343' title='bbox 1083 4049 1117 4085; x_wconf 88' lang='lat' dir='ltr'>eo</span> 
     </span>
     <span class='ocr_line' id='line_1_38' title="bbox 140 4095 1199 4177; baseline 0.005 -29"><span class='ocrx_word' id='word_1_344' title='bbox 140 4095 207 4150; x_wconf 79' lang='lat' dir='ltr'>huns</span> <span class='ocrx_word' id='word_1_345' title='bbox 223 4096 379 4177; x_wconf 69' lang='lat' dir='ltr'>consulam2</span> <span class='ocrx_word' id='word_1_346' title='bbox 395 4099 521 4156; x_wconf 82' lang='lat' dir='ltr'>Caesaris</span> <span class='ocrx_word' id='word_1_347' title='bbox 533 4099 721 4166; x_wconf 84' lang='lat' dir='ltr'>adversarios,</span> <span class='ocrx_word' id='word_1_348' title='bbox 737 4116 754 4154; x_wconf 88' lang='lat' dir='ltr'>a</span> <span class='ocrx_word' id='word_1_349' title='bbox 770 4117 800 4155; x_wconf 88' lang='lat' dir='ltr'>se</span> <span class='ocrx_word' id='word_1_350' title='bbox 813 4102 932 4156; x_wconf 83' lang='lat' dir='ltr'>alienare</span> <span class='ocrx_word' id='word_1_351' title='bbox 946 4101 1037 4157; x_wconf 79' lang='lat' dir='ltr'>vellet.</span> <span class='ocrx_word' id='word_1_352' title='bbox 1049 4128 1082 4141; x_wconf 91' lang='lat'>-</span> <span class='ocrx_word' id='word_1_353' title='bbox 1115 4095 1148 4146; x_wconf 73' lang='lat' dir='ltr'>ab</span> <span class='ocrx_word' id='word_1_354' title='bbox 1165 4112 1199 4146; x_wconf 77' lang='lat' dir='ltr'><em>m</em></span> 
     </span>
     <span class='ocr_line' id='line_1_39' title="bbox 141 4162 1198 4240; baseline 0.008 -29"><span class='ocrx_word' id='word_1_355' title='bbox 141 4163 222 4231; x_wconf 64' lang='lat' dir='ltr'>spru,</span> <span class='ocrx_word' id='word_1_356' title='bbox 233 4162 357 4218; x_wconf 83' lang='lat' dir='ltr'>Caesaris</span> <span class='ocrx_word' id='word_1_357' title='bbox 372 4164 491 4237; x_wconf 84' lang='lat' dir='ltr'>mimicis,</span> <span class='ocrx_word' id='word_1_358' title='bbox 505 4163 587 4222; x_wconf 82' lang='lat' dir='ltr'>modo</span> <span class='ocrx_word' id='word_1_359' title='bbox 601 4165 754 4225; x_wconf 84' lang='lat' dir='ltr'>nominatis.</span> <span class='ocrx_word' id='word_1_360' title='bbox 767 4199 799 4212; x_wconf 91' lang='lat'>-</span> <span class='ocrx_word' id='word_1_361' title='bbox 826 4168 858 4221; x_wconf 81' lang='lat' dir='ltr'>ab</span> <span class='ocrx_word' id='word_1_362' title='bbox 872 4169 978 4240; x_wconf 76' lang='lat' dir='ltr'>oequr&#39;s,</span> <span class='ocrx_word' id='word_1_363' title='bbox 990 4164 1040 4238; x_wconf 76' lang='lat' dir='ltr'>qui</span> <span class='ocrx_word' id='word_1_364' title='bbox 1052 4165 1080 4217; x_wconf 92' lang='lat' dir='ltr'>in</span> <span class='ocrx_word' id='word_1_365' title='bbox 1096 4170 1198 4219; x_wconf 83' lang='lat' dir='ltr'>utran-</span> 
     </span>
    </p>
   </div>
   <div class='ocr_carea' id='block_1_8' title="bbox 0 0 1510 5067">
    <p class='ocr_par' dir='ltr' id='par_1_8' title="bbox 0 0 1510 5067">
     <span class='ocr_line' id='line_1_40' title="bbox 0 0 1510 5067; baseline 0 0"><span class='ocrx_word' id='word_1_366' title='bbox 0 0 1510 5067; x_wconf 95' lang='lat' dir='ltr'> </span> 
     </span>
    </p>
   </div>
  </div>
 </body>
</html>
