3009 5067
524 304 587 366 tlt.
607 303 639 366 lt
677 304 731 367 tr.
751 305 772 365 l
1133 299 1187 375 57

129 484 319 577 Servilius,
349 484 396 556 tl.
417 472 599 569 Lucullus,
619 484 790 574 Lepidus,
812 486 1005 579 Volcatius,
1026 486 1184 579 Glabrio,

81 671 83 674 ,
129 598 316 682 praetores.
358 581 452 662 Sane
471 591 668 678 frequentes
687 592 826 660 suimusz
848 595 978 664 omnino
994 594 1038 661 ad
1054 595 1184 664 ducen-

125 704 191 768 tos.
240 698 432 769 Commorat
451 697 740 784 exspectationem
762 698 891 785 Lupus.
939 700 1025 789 Egit
1051 719 1186 772 cauam

127 807 206 896 agri
228 804 391 892 Campani
410 821 496 871 sane
515 809 684 874 accurate.
735 804 881 878 Auditus
908 809 962 872 est
988 824 1112 894 magno
1132 810 1184 875 si·

125 913 239 988 lentio.
288 909 464 977 Materiam
477 910 541 993 'rei
567 928 635 978 nou
659 912 815 1001 ignoras.
866 911 961 980 Nihil
990 931 1034 986 ex
1059 916 1184 1004 nostris

132 1016 322 1086 actionibus
340 1017 574 1104 praetermisit.
621 1015 773 1083 Fuerunt
790 1016 943 1083 nonnulli
962 1017 1071 1086 aculei
1090 1019 1126 1110 in
1145 1018 1184 1088 G.

127 1121 328 1208 Caesarem,
346 1119 566 1189 contumeliae
579 1121 615 1187 in
628 1119 792 1214 Gellium3
809 1119 1097 1209 expostulationes
1112 1141 1186 1190 cum

132 1228 273 1306 absente
292 1226 464 1314 Pompeio.
507 1224 622 1295 Causa
642 1245 720 1295 sero
740 1233 917 1316 perorata,
937 1229 1126 1297 sententias
1147 1247 1187 1302 se
1303 1267 1307 1273 ·

129 1337 325 1423 rogaturum
341 1335 505 1423 negavit,
525 1352 570 1400 ne
590 1334 679 1425 quod
700 1354 786 1404 onus
804 1334 983 1406 simultatis
1002 1333 1100 1403 nobis
1118 1335 1185 1404 iur-
1299 1341 1303 1352 '

126 1443 278 1528 paueret.
318 1440 376 1507 Ex
389 1435 790 1529 superiorum'temporum
804 1441 966 1518 conviciis
979 1447 1014 1510 et
1027 1460 1071 1509 ex
1082 1460 1185 1534 praef

127 1548 216 1614 senti
237 1546 394 1635 silentio,
415 1546 495 1637 quid
514 1553 653 1618 senatus
673 1547 836 1640 sentiret,
857 1567 897 1628 se
916 1548 1111 1639 intelligere
1131 1550 1186 1618 di-

127 1656 188 1721 xit.
222 1654 264 1721 In
283 1654 342 1722 illo
359 1653 663 1741 coepitdiruittere.
705 1654 790 1729 Tum
805 1654 1040 1745 Marcellinus,
1062 1656 1186 1747 »Noli‚

125 1761 254 1850 inquit,
275 1779 320 1830 ex
339 1761 569 1833 taciturnitate
587 1766 724 1849 nostra,
745 1762 860 1853 Lupe,
883 1761 962 1851 quid
982 1769 1048 1855 aut
1060 1764 1185 1853 probe-

126 1887 201 1942 mus
217 1867 282 1935 boc
299 1872 447 1956 ternpore
462 1873 521 1938 aut
534 1869 776 1961 improbemus,
789 1870 951 1940 iudicare.
982 1871 1081 1960 Ego,
1098 1869 1198 1974 (1²⁰⁶,
1238 1939 1239 1942 ,

47 2044 58 2056 ’
127 2031 158 2088 Ρ.
170 2033 297 2085 Servilius
315 2032 468 2101 Isauricus,
485 2031 583 2085 consul
598 2046 623 2086 a.
634 2049 662 2086 u.
676 2031 726 2101 675
740 2048 804 2083 curn
816 2029 911 2102 Appia
925 2027 1188 2090 claudicantem,

128 2107 216 2212 att
227 2097 306 2217 ‘itt
325 2099 466 2216 titttt
482 2098 636 2214 tttttt
651 2095 1187 2215 “amrrttttttsttttt‘lttttt·

130 2198 228 2286 consul
244 2242 267 2279 a.
283 2244 309 2277 u.
329 2225 375 2279 681
394 2243 456 2278 cum
468 2202 505 2278 ’0.
522 2225 624 2277 Cassio.
640 2256 673 2268 -
687 2201 693 2213 ⁶
705 2200 815 2277 blanius
831 2223 961 2277 Aemilius
978 2226 1107 2341 drysidas,
1125 2201 1187 2280 con3

129 2291 176 2348 sul
193 2307 218 2347 a.
235 2308 262 2344 u.
277 2289 327 2352 688
343 2307 404 2343 cunr
418 2292 450 2343 L.
468 2288 589 2341 Volcatr'o
604 2289 695 2345 Tullo.
709 2322 744 2335 -
777 2287 825 2341 Μ’.
836 2288 939 2341 Acilius
954 2289 1003 2339 Gla
1021 2294 1073 2352 ria,
1090 2292 1188 2345 consul

128 2373 153 2422 a.
170 2374 198 2411 u.
215 2357 264 2426 687
283 2374 346 2409 cum
366 2356 397 2417 G.
412 2353 565 2428 Calpurnio
582 2353 691 2410 Pisone.
709 2387 742 2396 -
774 2365 922 2421 praetores,
939 2369 1033 2407 omnes
1048 2356 1189 2412 affuerunt

128 2420 248 2494 ideoque
266 2421 400 2476 neminem
423 2437 456 2474 ex
475 2420 507 2474 iis
524 2420 680 2475 nominavit
720 2421 849 2473 Fuerunt
867 2428 959 2471 autem
978 2429 1038 2473 tum
1055 2422 1188 2492 temporis

127 2489 238 2543 omnino
255 2498 327 2542 acto.
360 2504 386 2541 v.
403 2483 562 2555 Manutad
581 2487 608 2542 b.
624 2485 643 2541 1.
662 2518 696 2533 -
724 2483 992 2555 fraqumasur'raas:
1009 2504 1078 2543 omn.
1094 2489 1131 2539 ad
1144 2489 1189 2540 dat·

127 2566 235 2615 reatos,
251 2554 300 2626 qui
308 2552 464 2624 frequenter
480 2551 656 2605 nominantur
673 2569 730 2605 non
746 2565 780 2603 ex
795 2551 916 2603 universi
929 2561 1040 2606 senatus
1053 2569 1188 2623 numero,

127 2618 176 2674 sed
184 2619 341 2691 frequentes
356 2628 387 2672 ut
403 2634 496 2672 mensa
512 2616 685 2686 Decembre,
710 2632 768 2689 qua
786 2614 865 2668 multi
881 2626 1022 2671 senatores
1038 2619 1126 2673 Roma
1144 2636 1188 2673 ex.

128 2683 229 2739 cedere
247 2684 380 2739 solebant.
413 2685 483 2740 Nam
500 2700 544 2755 ep.
560 2681 593 2736 ad
610 2686 667 2742 Att.
685 2702 714 2749 1,
731 2684 770 2749 ¹4·
791 2681 900 2737 atiniae
914 2684 964 2750 415
977 2693 1006 2738 et
1020 2684 1048 2738 in
1065 2700 1107 2738 or.
1163 2696 1189 2739 st

129 2747 191 2820 red.
204 2749 232 2804 iu
249 2766 305 2806 sen.
324 2767 361 2804 rc.
378 2752 427 2818 [μγ
442 2747 515 2805 dicit.
527 2783 559 2794 -
593 2751 622 2804 P.
630 2749 749 2803 Rutilius
765 2747 871 2817 Lapat,
887 2749 1017 2804 tribunus
1032 2752 1071 2823 pl.
1089 2702 1188 2821 (effla

127 2815 182 2872 dir.
200 2834 228 2883 ι,
243 2835 272 2884 ι,
287 2815 320 2885 33
344 2832 377 2880 a,
391 2821 431 2885 a.)
454 2824 579 2871 senatum
598 2823 814 2879 convocaverat,
837 2824 870 2868 ut
889 2825 985 2887 ageret
1000 2833 1110 2870 eausam
1125 2819 1191 2885 agra·

129 2885 264 2951 Oampam'.
307 2885 338 2937 C.
356 2882 460 2937 Caesar
477 2882 547 2935 eninr
565 2882 593 2936 in
610 2881 757 2936 consulatu
772 2879 861 2957 legem
879 2892 1043 2999 roffiaverat,
1067 2892 1100 2938 ut
1121 2898 1188 2963 ager

128 2949 302 3030 Campanus,
329 2948 422 3020 etqui
463 2948 572 3002 oblicus
593 2958 670 3015 erat,
699 2957 726 3001 et
744 2962 794 3017 qur
813 2945 922 3016 posside
944 2958 1008 3002 atur
1025 2965 1041 3002 a
1056 2948 1188 3021 privatos,

127 3012 205 3083 plebi
219 3011 390 3068 divideretur
397 3033 407 3082 3
423 3012 567 3086 dreisitque
580 3015 639 3085 ipse
652 3013 750 3067 consul
763 3010 905 3083 publicam
917 3013 975 3067 eius
990 3015 1049 3087 agri
1061 3023 1170 3086 partem
1177 3033 1188 3082 ς

129 3078 269 3150 reliquum
285 3094 301 3129 a
319 3079 432 3148 privatis
451 3080 502 3133 erni
519 3080 635 3152 pecunia
650 3078 765 3151 publiea
779 3078 935 3148 oportebat.
968 3080 1075 3134 Contra
1089 3080 1142 3133 hoe
1158 3079 1188 3132 in

128 3154 227 3196 senatu
243 3142 391 3222 disputavit
406 3143 512 3216 Lupus.
554 3147 596 3202 cf.
617 3144 652 3199 ad
675 3144 728 3202 div.
747 3162 778 3212 r,
793 3160 826 3211 p,
849 3145 874 3211 §a
886 3145 910 3199 8.
928 3145 952 3201 ὅ.
969 3163 994 3217 9.
1025 3146 1125 3199 Aleten
1145 3144 1189 3199 ci-

128 3208 236 3262 cerain
252 3225 318 3262 seon.
333 3209 427 3262 Brieff.
443 3229 470 3279 p.
483 3209 514 3263 81
531 3227 571 3281 sq.
591 3215 638 3282 149
652 3228 693 3284 sq.
708 3244 739 3255 -
772 3211 916 3263 Materiam
930 3214 970 3262 ras*
986 3209 1002 3262 ἰ.
1018 3228 1041 3265 e.
1056 3219 1188 3282 quantam

130 3271 237 3327 dicendi
252 3273 394 3327 materiam
407 3275 453 3327 illa
471 3275 687 3332 restabant...
721 3294 753 3329 ea
767 3287 852 3342 nostr.
869 3288 921 3329 aaa.
943 3274 1064 3330 laudavit
1082 3274 1188 3342 omnia,

126 3355 202 3460 ,tt-{t
219 3340 463 3458 ‘dimittit’
485 3343 828 3477 lir³i⁰i⁰dol²ll¹¹d⁸c¹l
844 3340 1189 3462 ittlil0¹³llldtt⁰0lt

126 3461 324 3525 diacoconem
341 3470 411 3538 fuit3
436 3443 489 3528 vid.
509 3469 544 3523 ad
560 3477 618 3526 stt.
633 3474 663 3538 4,
680 3473 711 3537 3,
725 3488 750 3527 a.
766 3501 800 3515 ·-
839 3473 975 3543 Pompeio,
999 3489 1058 3545 quo
1076 3487 1189 3525 eemn-

126 3538 211 3593 tiente
225 3553 292 3609 ager
307 3538 463 3608 Campanus
479 3552 497 3590 a
513 3537 633 3591 Caesare
648 3536 750 3591 divisus
769 3543 864 3591 est'-
885 3529 1008 3592 ¹'abiro-ato.
1026 3537 1133 3592 Aberat
1147 3536 1189 3592 rei

127 3602 325 3658 frumentariae
346 3618 443 3669 eausa3
465 3622 491 3657 v.
510 3601 544 3655 ad
562 3608 627 3661 Atta
641 3607 674 3671 4,
700 3621 726 3667 ι,
749 3604 796 3659 (ss
816 3632 873 3657 .—
911 3606 1053 3656 rentrna’as
1073 3622 1101 3655 sc
1120 3621 1181 3674 rog.
1228 3629 1231 3636 ι

127 3669 258 3723 Se'natnm
275 3668 360 3742 igitur
382 3668 505 3723 babebat:
524 3670 653 3723 tribunus
671 3668 767 3740 pleb,
797 3624 833 3726 de
851 3686 909 3742 quo
931 3688 955 3721 r.
975 3666 1010 3721 ad
1035 3677 1060 3739 ς.
1074 3686 1132 3742 seq.
1155 3703 1188 3714 -

128 3751 160 3785 ae
179 3737 380 3806 quadrastis.
397 3735 470 3785 nobrio
487 3737 548 3806 stup.
574 3737 590 3790 i.
616 3752 639 3790 e.
665 3751 701 3787 ne
722 3734 855 3793 adversus
878 3734 1045 3788 voluntatem
1071 3737 1186 3791 alieuius

126 3800 268 3871 loquendo
287 3802 315 3855 in
337 3798 489 3855 simultates
510 3812 539 3855 et
560 3800 709 3855 inimicitias
729 3800 920 3858 incideremus.
939 3830 971 3843 --
1014 3804 1135 3856 manarit
1155 3802 1184 3855 in

126 3880 201 3984 idat
215 3866 399 3987 dilata?
420 3864 984 4005 ilbi?¹¹⁰qdli³li¹i⁶⁰o2⁸²2³⁰iooa¹i
995 3868 1115 3989 ''lidst⁰·
1129 3869 1185 4002 ,tt

125 3996 192 4048 Milo
208 3969 396 4067 reponenduns
411 4013 487 4066 etse,
505 3972 557 4052 iarn
571 3996 679 4058 viderat
694 3954 851 4057 Mende-R
881 3974 1070 4062 Marcellinus,
1086 3972 1184 4052 clausul

127 4060 302 4141 designatus,
318 4083 343 4117 v.
359 4061 393 4119 ad
408 4068 467 4145 Διι.
481 4068 513 4134 4,
528 4081 559 4133 a,
573 4068 607 4134 43
622 4066 654 4135 3,
669 4065 701 4136 ³3
725 4064 788 4124 ideo
804 4070 910 4157 primus
927 4066 1087 4122 seutentiam
1104 4077 1182 4143 roga·

126 4139 190 4197 tur,
218 4138 258 4196 utu
278 4146 341 4196 ¹t¹⁰b
355 4140 491 4207 sequatur.
1039 4156 1041 4158 ’
